2918 4748
185 354 229 410 Dc
245 353 368 410 fonhbus
387 353 483 422 quibus
501 354 659 421 Athenaeus
676 353 704 408 iu
722 355 805 410 rebus
822 369 891 411 mus.
909 356 959 426 lyr.
978 370 1067 412 enarr.
1086 371 1152 412 usus
1169 357 1213 413 sit.
1244 356 1304 415 143

149 515 236 590 καθ’
256 522 313 589 ἕνα
328 522 412 609 ἑξῆς,
435 521 473 589 τὸ
491 522 527 589 δὲ
542 519 608 589 όπδ
625 527 692 591 των
708 524 952 605 συνετωτάτων,
972 521 1017 602 dg
1032 525 1124 607 ἔτυχε
1138 528 1179 611 κη’
1191 524 1303 602 τάξει·

151 622 169 692 ό
190 624 229 712 δὴ
249 627 433 692 καλεῖσθαι
455 625 598 691 σκόλιον.
633 628 825 695 Dicaearchi
847 629 945 712 igitur
966 631 1156 696 sententiam
1171 628 1304 695 Artemo

149 729 258 796 refert
296 729 407 812 Pergit
428 728 543 795 schole
567 722 613 803 ὠς
636 726 672 792 δὲ
688 721 918 813 Ἀριστόξενος
938 731 1060 794 καὶί
1012 736 1043 794 Φ
1047 723 1169 805 ίλλις“
1152 748 1306 811 ομουσι

150 820 269 910 κός,’
256 822 310 895 ότι
332 826 366 893 ἐν
388 841 459 905 τοῖς
487 827 607 913 γάμοις
634 832 765 914 περὶμ
742 835 823 912 μίαν
844 829 1037 955 τράπεζαν
1033 829 1163 907 πολλὰς
1191 830 1305 907 κλίνας

150 934 304 1007 τιθέντες
326 927 420 1016 παρά
442 934 542 1015 μέρος
570 928 645 1016 ἑξῆς
671 936 832 1052 μυρρίνας
861 930 990 1013 ἔχοντες
1016 921 1037 1018 ἢ
1067 931 1230 1019 δάφνας
1225 916 1305 996 νδον

150 1031 284 1119 γνώμας
312 1034 366 1097 καὶ
394 1028 534 1116 ἐρωτικὰ
558 1031 714 1097 σύντονα·
742 1027 762 1119 ἦ
788 1032 823 1098 δὲ
845 1033 1004 1120 περίοδος
1033 1030 1194 1099 σκολιά’
1180 1056 1215 1118 εγ
1217 1036 1304 1098 ίνετο

152 1131 260 1201 διά
224 1159 284 1220 την
300 1131 459 1199 σύνθεσιν
474 1134 541 1197 τῶν
556 1134 675 1199 κλινων
692 1131 761 1219 [ἐπὶ
777 1133 966 1223 οἰκημάτων
981 1126 1231 1219 πολυγώνων)
1196 1155 1305 1199 ουσων

150 1238 207 1302 καὶ
229 1234 336 1321 τούτῳ
358 1235 414 1299 καί
436 1231 498 1310 τάς
521 1227 576 1300 ἐπ’
603 1228 705 1312 αότδς
727 1238 936 1313 κατακλίσεις
957 1235 1195 1323 παραβάστους
1215 1239 1305 1320 γενέ-

152 1335 250 1424 σθαι]
262 1340 295 1416 ¹).
318 1373 358 1382 -
384 1329 430 1402 Οὐ
455 1333 512 1401 διὰ
534 1337 736 1419 μελοποιίαν
759 1323 826 1417 οὖν,
850 1337 906 1403 διὰ
930 1338 966 1403 δὲ
987 1336 1047 1424 τὴν
1069 1340 1127 1424 τῆς
1148 1343 1306 1424 μυρρίνης

152 1437 289 1505 σκολιὰν
305 1436 468 1518 διάδοσιν,
490 1436 593 1524 ταύτῃ
607 1439 665 1503 καὶ
679 1435 741 1514 τὰς
756 1431 846 1523 ᾠδάς
869 1437 1004 1516 σκολιὰς
1025 1441 1217 1504 καλεῖσθαι.
1255 1440 1306 1504 Ex

151 1542 203 1609 his
225 1542 314 1625 apud
332 1540 408 1606 Ath.
431 1541 567 1608 redeunt
588 1542 660 1607 illa:
684 1539 802 1605 σκόλια
824 1539 860 1606 δὲ
882 1542 1059 1607 καλοῦνται
1082 1534 1119 1606 οὗ
1142 1538 1226 1606 κατὰ
1248 1536 1305 1605 τὸν

150 1645 211 1729 τῆς
232 1643 434 1725 μελοποιίας
455 1639 583 1727 τρόπον
598 1633 652 1707 ότι
668 1639 801 1718 σκολιὸς
815 1627 871 1728 ἦν·
899 1644 1032 1728 λέγουσι
1047 1640 1109 1728 γάρ
1124 1640 1166 1707 τά
1183 1639 1217 1707 ἐν
1231 1652 1306 1717 ταῖς

153 1738 346 1828 ἀνειμέναις
369 1739 455 1809 εἶναι
478 1741 606 1810 σκόλια.
650 1746 751 1812 Deest
773 1746 959 1813 Aristoxeni
984 1747 1151 1813 sententia.

238 1849 353 1914 Varias
375 1848 467 1914 scolii
496 1848 584 1914 uocis
608 1848 821 1931 etymologias
849 1847 985 1914 dederat
1006 1847 1166 1931 Didymus
1194 1866 1306 1913 secun·

152 1950 230 2016 dum
258 1950 308 2015 Et.
329 1949 370 2014 M.
388 1952 460 2032 718,
477 1953 533 2013 35:
569 1946 752 2034 διαφόρους
781 1946 996 2032 ἐτυμολογίας
1025 1951 1128 2035 φησὶν
1155 1946 1307 2029 Δίδυμος

154 2047 188 2116 ἐν
203 2043 232 2135 γ’
246 2052 313 2115 τοῖν
328 2050 584 2132 Συμποσιακῶν.
621 2051 672 2114 Ex
694 2050 745 2117 his
768 2071 843 2117 num
865 2053 1081 2135 sitarchia,
1104 2070 1187 2134 quae
1210 2051 1306 2117 inter·

152 2153 259 2238 posito
277 2152 333 2220 Ori
354 2153 482 2218 nomine
505 2151 618 2218 addita
639 2156 702 2218 est:
726 2143 795 2215 άπὸ
816 2154 875 2216 τοῦ
897 2150 1065 2234 μεθόουσι
1086 2155 1141 2216 καὶ
1165 2152 1307 2224 σκολίως

154 2251 266 2335 ἔχουσι
287 2249 329 2317 τὰ
353 2250 559 2339 αἰσθητήρια
582 2246 746 2338 ᾄδεσθαι,
776 2253 909 2319 dubium
936 2260 1044 2336 potest
1070 2254 1190 2336 uideri3
1221 2258 1307 2319 certe

155 2357 221 2422 tale
244 2357 322 2438 quid
344 2356 474 2421 aliunde
497 2356 660 2438 attulisse,
688 2374 752 2420 nou
781 2356 852 2438 ipse
881 2357 1042 2421 inuenisse
1070 2355 1230 2438 putandus
1259 2359 1308 2420 est

155 2457 325 2541 Didymus.
371 2456 602 2538 Exspectamus
623 2462 731 2523 autem
753 2455 946 2523 Dicaearchi
972 2463 1004 2522 et
1024 2456 1209 2523 Aristoxeni
1238 2456 1306 2540 pla·

156 2560 221 2625 cita
243 2559 379 2623 illinon
401 2576 472 2623 esse
499 2559 734 2641 praetermissa.
780 2555 979 2635 Quaeramus
1006 2558 1121 2642 igitur,
1151 2556 1308 2639 numquid

153 2679 174 2724 e
197 2659 332 2740 Didymi
354 2659 457 2742 copiis
480 2663 642 2724 seruatum
664 2659 706 2722 sit
727 2657 816 2738 apud
837 2658 938 2722 schol.
953 2658 1189 2740 Aristophanis

241 2753 1308 2840 801101.Α1.Να11.13671)1.-ίΔικαίαρχοςεντφπερλμουσι·

154 2885 221 2925 κων
238 2852 389 2942 άγιόνων
413 2854 463 2920 ἔτι
485 2854 521 2919 δὲ
544 2853 654 2921 κοινόν
671 2880 706 2920 τι
728 2853 845 2932 πάθος
867 2860 1026 2943 φαίνεται
1046 2858 1308 2923 συνακολουθεῖν

153 2972 228 3035 τοῖς
251 2958 475 3043 διερχομένοις
497 2954 564 3021 εἴτε
584 2953 669 3039 μετὰ
689 2956 858 3039 μέλους’
832 2956 900 3023 είτε
922 2951 999 3024 άνευ
1021 2956 1192 3040 μέλους,”
1175 2955 1310 3039 εχοντάς

154 3085 189 3127 τι
212 3058 246 3125 ἓν
261 3061 303 3145 τῇ
322 3060 410 3144 χειρὶ
432 3061 614 3123 ποιεῖσθαι
634 3054 694 3144 τὴν
710 3051 893 3144 άφήγησιν·
917 3059 1009 3125 οἵτε
1030 3056 1093 3144 γάρ
1116 3054 1253 3146 ᾄδοντες
1274 3057 1309 3125 ἐν

156 3174 228 3239 τοῖς
251 3164 455 3243 συμποσίοις
477 3156 512 3224 ἐκ
532 3160 683 3236 παλαιάς
704 3183 795 3236 τινος
817 3158 1039 3245 παραδόσεως
1054 3161 1164 3227 κλιῦνα
1181 3158 1310 3247 δάφνης

155 3252 177 3347 ἢ
204 3266 363 3386 μυρρίνης
393 3259 550 3344 λαβόντες
582 3252 747 3348 ᾄδουσιν’.
793 3261 946 3328 Videmus
976 3262 1209 3329 Dicaearchum
1242 3262 1308 3327 aiio

156 3366 230 3432 libri
252 3366 332 3448 περὶ
354 3384 451 3445 μοοσ.
475 3354 612 3447 άγιόνων
634 3364 706 3431 loco
729 3382 797 3429 rem
818 3364 915 3447 paulo
938 3365 1032 3430 aliter
1049 3381 1231 3446 enarrasse;
1254 3381 1308 3430 ne-

156 3487 219 3552 que
243 3473 350 3533 tamm
372 3467 439 3531 ullo
461 3466 558 3532 modo
580 3470 703 3551 pugnat
724 3484 842 3532 secum

242 3564 711 3651 Schcl.Vesp.1231:-—oi
738 3564 775 3630 δέ
801 3583 906 3652 φασιν
928 3588 974 3642 ως
1000 3562 1083 3642 ἕδος
1109 3589 1150 3680 ην
1176 3562 1236 3630 τὸν
1261 3563 1308 3649 μὴ

157 3667 338 3752 δυνάμενον
349 3665 387 3733 ἐν
401 3679 473 3744 τοῖς
488 3671 694 3750 συμποσίοις
714 3688 805 3792 ηισαι,
829 3664 958 3755 δάφνης
978 3655 1130 3732 κλωνα”
1109 3690 1129 3750 η
1151 3667 1310 3786 μυρρίνης

159 3768 306 3855 λαβόντα
328 3766 416 3855 πρὸς
439 3771 558 3836 τοῦτον
581 3762 730 3856 ᾄδεινΗ
719 3766 804 3834 ε’νιοι
826 3767 862 3832 δέ
885 3789 990 3854 φασιν
1011 3763 1057 3842 ὡς
1078 3763 1113 3831 ἐκ
1134 3767 1194 3829 τοῦ
1216 3787 1310 3830 εναν-

245 4009 270 4069 t)
294 4003 403 4057 Desunt
425 4002 495 4056 haec
518 4001 591 4071 apud
614 4000 739 4069 Suidam3
766 4000 845 4056 nucis
869 3999 969 4056 seclusi
992 4003 1023 4053 ut
1044 3996 1312 4067 interpretamentum

157 4090 275 4144 alienum
293 4087 477 4155 ineptumque.
