<?xml version="1.0" encoding="UTF-8"?>
<!DOCTYPE html PUBLIC "-//W3C//DTD XHTML 1.0 Transitional//EN"
    "http://www.w3.org/TR/xhtml1/DTD/xhtml1-transitional.dtd">
<html xmlns="http://www.w3.org/1999/xhtml" xml:lang="en" lang="en">
 <head>
  <title>
</title>
<meta http-equiv="Content-Type" content="text/html;charset=utf-8" />
  <meta name='ocr-system' content='tesseract 3.04.00' />
  <meta name='ocr-capabilities' content='ocr_page ocr_carea ocr_par ocr_line ocrx_word'/>
</head>
<body>
  <div class='ocr_page' id='page_1' title='image "./defontibusquibu00bappgoog_0069.png"; bbox 0 0 2918 4748; ppageno 0'>
   <div class='ocr_carea' id='block_1_1' title="bbox 240 345 991 415">
    <p class='ocr_par' dir='ltr' id='par_1_1' title="bbox 240 345 991 415">
     <span class='ocr_line' id='line_1_1' title="bbox 240 345 991 415; baseline -0.013 -7"><span class='ocrx_word' id='word_1_1' title='bbox 240 349 301 408; x_wconf 84' lang='lat'>132</span> <span class='ocrx_word' id='word_1_2' title='bbox 637 346 749 400; x_wconf 84' lang='lat' dir='ltr'>carolus</span> <span class='ocrx_word' id='word_1_3' title='bbox 768 345 895 400; x_wconf 87' lang='lat' dir='ltr'>Albcrtus</span> <span class='ocrx_word' id='word_1_4' title='bbox 914 345 991 415; x_wconf 86' lang='lat' dir='ltr'>Bapp</span> 
     </span>
    </p>
   </div>
   <div class='ocr_carea' id='block_1_2' title="bbox 240 517 1393 703">
    <p class='ocr_par' dir='ltr' id='par_1_2' title="bbox 240 517 1393 703">
     <span class='ocr_line' id='line_1_2' title="bbox 240 517 1392 603; baseline -0.003 -15"><span class='ocrx_word' id='word_1_5' title='bbox 240 540 346 588; x_wconf 89' lang='lat' dir='ltr'>sermo</span> <span class='ocrx_word' id='word_1_6' title='bbox 375 520 419 586; x_wconf 92' lang='lat' dir='ltr'>fit.</span> <span class='ocrx_word' id='word_1_7' title='bbox 470 519 556 597; x_wconf 80' lang='lat' dir='ltr'>Quid</span> <span class='ocrx_word' id='word_1_8' title='bbox 585 519 705 603; x_wconf 81' lang='lat' dir='ltr'>igitur?</span> <span class='ocrx_word' id='word_1_9' title='bbox 744 519 813 584; x_wconf 90' lang='lat' dir='ltr'>ueri</span> <span class='ocrx_word' id='word_1_10' title='bbox 841 518 998 584; x_wconf 80' lang='lat' dir='ltr'>dissimile</span> <span class='ocrx_word' id='word_1_11' title='bbox 1031 538 1106 583; x_wconf 92' lang='lat' dir='ltr'>num</span> <span class='ocrx_word' id='word_1_12' title='bbox 1140 524 1188 583; x_wconf 88' lang='lat' dir='ltr'>est</span> <span class='ocrx_word' id='word_1_13' title='bbox 1216 517 1392 602; x_wconf 88' lang='lat' dir='ltr'>Didymum</span> 
     </span>
     <span class='ocr_line' id='line_1_3' title="bbox 241 619 1393 703; baseline 0 -16"><span class='ocrx_word' id='word_1_14' title='bbox 241 621 354 689; x_wconf 90' lang='lat' dir='ltr'>eodem</span> <span class='ocrx_word' id='word_1_15' title='bbox 368 623 440 688; x_wconf 90' lang='lat' dir='ltr'>loco</span> <span class='ocrx_word' id='word_1_16' title='bbox 456 623 553 687; x_wconf 89' lang='lat' dir='ltr'>etiam</span> <span class='ocrx_word' id='word_1_17' title='bbox 569 621 610 687; x_wconf 90' lang='lat' dir='ltr'>de</span> <span class='ocrx_word' id='word_1_18' title='bbox 625 620 699 686; x_wconf 89' lang='lat' dir='ltr'>aliis</span> <span class='ocrx_word' id='word_1_19' title='bbox 717 621 845 701; x_wconf 81' lang='lat' dir='ltr'>organis</span> <span class='ocrx_word' id='word_1_20' title='bbox 867 620 996 686; x_wconf 76' lang='lat' dir='ltr'>musicis</span> <span class='ocrx_word' id='word_1_21' title='bbox 1020 619 1201 703; x_wconf 88' lang='lat' dir='ltr'>disputasse</span> <span class='ocrx_word' id='word_1_22' title='bbox 1224 623 1393 687; x_wconf 77' lang='lat' dir='ltr'>occasions</span> 
     </span>
    </p>
   </div>
   <div class='ocr_carea' id='block_1_3' title="bbox 113 721 1393 788">
    <p class='ocr_par' dir='ltr' id='par_1_3' title="bbox 113 721 1393 788">
     <span class='ocr_line' id='line_1_4' title="bbox 113 721 1393 788; baseline 0.003 -5"><span class='ocrx_word' id='word_1_23' title='bbox 113 777 117 783; x_wconf 83' lang='grc'><strong>.</strong></span> <span class='ocrx_word' id='word_1_24' title='bbox 240 723 336 788; x_wconf 90' lang='lat' dir='ltr'>simul</span> <span class='ocrx_word' id='word_1_25' title='bbox 366 723 502 788; x_wconf 82' lang='lat' dir='ltr'>oblata?</span> <span class='ocrx_word' id='word_1_26' title='bbox 546 722 720 786; x_wconf 87' lang='lat' dir='ltr'>Praeterea</span> <span class='ocrx_word' id='word_1_27' title='bbox 749 721 915 787; x_wconf 86' lang='lat' dir='ltr'>Posidonii</span> <span class='ocrx_word' id='word_1_28' title='bbox 950 722 1007 787; x_wconf 95' lang='lat' dir='ltr'>illa</span> <span class='ocrx_word' id='word_1_29' title='bbox 1038 741 1149 787; x_wconf 87' lang='lat' dir='ltr'>uersus</span> <span class='ocrx_word' id='word_1_30' title='bbox 1178 721 1393 788; x_wconf 85' lang='lat' dir='ltr'>Anacreontei</span> 
     </span>
    </p>
   </div>
   <div class='ocr_carea' id='block_1_4' title="bbox 238 821 1395 2432">
    <p class='ocr_par' dir='ltr' id='par_1_4' title="bbox 240 821 1393 1006">
     <span class='ocr_line' id='line_1_5' title="bbox 240 821 1393 908; baseline 0.003 -22"><span class='ocrx_word' id='word_1_31' title='bbox 240 824 503 907; x_wconf 88' lang='lat' dir='ltr'>interpretatione</span> <span class='ocrx_word' id='word_1_32' title='bbox 532 822 707 906; x_wconf 87' lang='lat' dir='ltr'>Didymum</span> <span class='ocrx_word' id='word_1_33' title='bbox 738 821 778 887; x_wconf 90' lang='lat' dir='ltr'>de</span> <span class='ocrx_word' id='word_1_34' title='bbox 808 822 980 905; x_wconf 83' lang='lat' dir='ltr'>magadide</span> <span class='ocrx_word' id='word_1_35' title='bbox 1017 828 1222 904; x_wconf 86' lang='lat' dir='ltr'>quaerentem</span> <span class='ocrx_word' id='word_1_36' title='bbox 1256 824 1393 908; x_wconf 79' lang='lat' dir='ltr'>tripodis</span> 
     </span>
     <span class='ocr_line' id='line_1_6' title="bbox 240 923 1052 1006; baseline -0.001 -17"><span class='ocrx_word' id='word_1_37' title='bbox 240 926 528 991; x_wconf 85' lang='lat' dir='ltr'>commonefactum</span> <span class='ocrx_word' id='word_1_38' title='bbox 551 945 621 991; x_wconf 87' lang='lat' dir='ltr'>esse</span> <span class='ocrx_word' id='word_1_39' title='bbox 644 925 721 990; x_wconf 89' lang='lat' dir='ltr'>satis</span> <span class='ocrx_word' id='word_1_40' title='bbox 744 924 912 1006; x_wconf 84' lang='lat' dir='ltr'>probabile</span> <span class='ocrx_word' id='word_1_41' title='bbox 934 923 1052 990; x_wconf 90' lang='lat' dir='ltr'>iudico.</span> 
     </span>
    </p>

    <p class='ocr_par' dir='ltr' id='par_1_5' title="bbox 238 1024 1395 1905">
     <span class='ocr_line' id='line_1_7' title="bbox 325 1024 1394 1110; baseline 0.003 -20"><span class='ocrx_word' id='word_1_42' title='bbox 325 1027 375 1091; x_wconf 91' lang='lat' dir='ltr'>De</span> <span class='ocrx_word' id='word_1_43' title='bbox 397 1028 503 1109; x_wconf 88' lang='lat' dir='ltr'>capite</span> <span class='ocrx_word' id='word_1_44' title='bbox 528 1028 569 1089; x_wconf 85' lang='grc'>34</span> <span class='ocrx_word' id='word_1_45' title='bbox 592 1025 864 1110; x_wconf 86' lang='lat' dir='ltr'>supradiximus:</span> <span class='ocrx_word' id='word_1_46' title='bbox 893 1026 934 1091; x_wconf 94' lang='lat' dir='ltr'>ab</span> <span class='ocrx_word' id='word_1_47' title='bbox 958 1024 1071 1090; x_wconf 89' lang='lat' dir='ltr'>eodem</span> <span class='ocrx_word' id='word_1_48' title='bbox 1095 1032 1224 1090; x_wconf 88' lang='lat' dir='ltr'>auctore</span> <span class='ocrx_word' id='word_1_49' title='bbox 1253 1024 1394 1093; x_wconf 89' lang='lat' dir='ltr'>uidimus</span> 
     </span>
     <span class='ocr_line' id='line_1_8' title="bbox 239 1124 1395 1215; baseline 0 -23"><span class='ocrx_word' id='word_1_50' title='bbox 239 1127 382 1211; x_wconf 85' lang='lat' dir='ltr'>pendere</span> <span class='ocrx_word' id='word_1_51' title='bbox 405 1127 602 1212; x_wconf 89' lang='lat' dir='ltr'>Hesychium</span> <span class='ocrx_word' id='word_1_52' title='bbox 625 1148 649 1192; x_wconf 90' lang='lat' dir='ltr'>s.</span> <span class='ocrx_word' id='word_1_53' title='bbox 666 1148 696 1215; x_wconf 91' lang='lat' dir='ltr'>u.</span> <span class='ocrx_word' id='word_1_54' title='bbox 721 1124 870 1212; x_wconf 81' lang='grc' dir='ltr'><em>σαμβύκη</em></span> <span class='ocrx_word' id='word_1_55' title='bbox 894 1133 926 1192; x_wconf 89' lang='lat' dir='ltr'>et</span> <span class='ocrx_word' id='word_1_56' title='bbox 948 1125 1158 1192; x_wconf 85' lang='lat' dir='ltr'>Athenaeum.</span> <span class='ocrx_word' id='word_1_57' title='bbox 1204 1126 1305 1204; x_wconf 81' lang='lat' dir='ltr'>Quem</span> <span class='ocrx_word' id='word_1_58' title='bbox 1329 1148 1395 1192; x_wconf 94' lang='lat' dir='ltr'>non</span> 
     </span>
     <span class='ocr_line' id='line_1_9' title="bbox 238 1227 1395 1311; baseline 0 -19"><span class='ocrx_word' id='word_1_59' title='bbox 238 1229 338 1294; x_wconf 89' lang='lat' dir='ltr'>fuisse</span> <span class='ocrx_word' id='word_1_60' title='bbox 359 1229 473 1293; x_wconf 89' lang='lat' dir='ltr'>Iubam</span> <span class='ocrx_word' id='word_1_61' title='bbox 494 1230 548 1294; x_wconf 90' lang='lat' dir='ltr'>uel</span> <span class='ocrx_word' id='word_1_62' title='bbox 570 1228 644 1294; x_wconf 89' lang='lat' dir='ltr'>inde</span> <span class='ocrx_word' id='word_1_63' title='bbox 667 1229 814 1311; x_wconf 83' lang='lat' dir='ltr'>comitur,</span> <span class='ocrx_word' id='word_1_64' title='bbox 838 1227 934 1311; x_wconf 89' lang='lat' dir='ltr'>quod,</span> <span class='ocrx_word' id='word_1_65' title='bbox 960 1247 1042 1310; x_wconf 86' lang='lat' dir='ltr'>quae</span> <span class='ocrx_word' id='word_1_66' title='bbox 1064 1227 1224 1293; x_wconf 88' lang='lat' dir='ltr'>adduntur</span> <span class='ocrx_word' id='word_1_67' title='bbox 1247 1227 1288 1293; x_wconf 89' lang='lat' dir='ltr'>de</span> <span class='ocrx_word' id='word_1_68' title='bbox 1311 1249 1395 1295; x_wconf 91' lang='lat' dir='ltr'>sam-</span> 
     </span>
     <span class='ocr_line' id='line_1_10' title="bbox 238 1328 1395 1414; baseline 0.002 -20"><span class='ocrx_word' id='word_1_69' title='bbox 238 1330 322 1395; x_wconf 86' lang='lat' dir='ltr'>buca</span> <span class='ocrx_word' id='word_1_70' title='bbox 351 1328 500 1396; x_wconf 90' lang='lat' dir='ltr'>machina</span> <span class='ocrx_word' id='word_1_71' title='bbox 531 1330 664 1413; x_wconf 84' lang='lat' dir='ltr'>bellica,</span> <span class='ocrx_word' id='word_1_72' title='bbox 698 1350 718 1395; x_wconf 86' lang='lat' dir='ltr'>a</span> <span class='ocrx_word' id='word_1_73' title='bbox 747 1330 829 1394; x_wconf 92' lang='lat' dir='ltr'>libro</span> <span class='ocrx_word' id='word_1_74' title='bbox 860 1329 901 1395; x_wconf 86' lang='lat' dir='ltr'>do</span> <span class='ocrx_word' id='word_1_75' title='bbox 929 1330 1024 1395; x_wconf 86' lang='lat' dir='ltr'>rebus</span> <span class='ocrx_word' id='word_1_76' title='bbox 1054 1330 1182 1395; x_wconf 87' lang='lat' dir='ltr'>musicis</span> <span class='ocrx_word' id='word_1_77' title='bbox 1212 1331 1395 1414; x_wconf 88' lang='lat' dir='ltr'>conscripto</span> 
     </span>
     <span class='ocr_line' id='line_1_11' title="bbox 238 1432 1395 1514; baseline 0 -17"><span class='ocrx_word' id='word_1_78' title='bbox 238 1432 346 1497; x_wconf 90' lang='lat' dir='ltr'>aliena</span> <span class='ocrx_word' id='word_1_79' title='bbox 368 1438 457 1497; x_wconf 92' lang='lat' dir='ltr'>erant</span> <span class='ocrx_word' id='word_1_80' title='bbox 477 1451 538 1497; x_wconf 85' lang='lat' dir='ltr'>nco</span> <span class='ocrx_word' id='word_1_81' title='bbox 553 1432 656 1498; x_wconf 91' lang='lat' dir='ltr'>minus</span> <span class='ocrx_word' id='word_1_82' title='bbox 680 1452 700 1496; x_wconf 99' lang='lat' dir='ltr'>a</span> <span class='ocrx_word' id='word_1_83' title='bbox 721 1451 828 1496; x_wconf 89' lang='lat' dir='ltr'>rerum</span> <span class='ocrx_word' id='word_1_84' title='bbox 850 1432 1071 1514; x_wconf 86' lang='lat' dir='ltr'>uocabulari0;</span> <span class='ocrx_word' id='word_1_85' title='bbox 1094 1435 1204 1497; x_wconf 89' lang='lat' dir='ltr'>contra</span> <span class='ocrx_word' id='word_1_86' title='bbox 1224 1432 1323 1498; x_wconf 84' lang='lat' dir='ltr'>lexici</span> <span class='ocrx_word' id='word_1_87' title='bbox 1346 1433 1395 1497; x_wconf 94' lang='lat' dir='ltr'>in·</span> 
     </span>
     <span class='ocr_line' id='line_1_12' title="bbox 239 1532 1395 1617; baseline -0.001 -18"><span class='ocrx_word' id='word_1_88' title='bbox 239 1532 306 1599; x_wconf 90' lang='lat' dir='ltr'>doli</span> <span class='ocrx_word' id='word_1_89' title='bbox 329 1535 450 1617; x_wconf 91' lang='lat' dir='ltr'>optime</span> <span class='ocrx_word' id='word_1_90' title='bbox 472 1535 673 1615; x_wconf 89' lang='lat' dir='ltr'>conueniunt,</span> <span class='ocrx_word' id='word_1_91' title='bbox 697 1534 817 1617; x_wconf 89' lang='lat' dir='ltr'>quippe</span> <span class='ocrx_word' id='word_1_92' title='bbox 840 1553 902 1615; x_wconf 93' lang='lat' dir='ltr'>quo</span> <span class='ocrx_word' id='word_1_93' title='bbox 925 1532 967 1598; x_wconf 90' lang='lat' dir='ltr'>de</span> <span class='ocrx_word' id='word_1_94' title='bbox 988 1533 1150 1598; x_wconf 90' lang='lat' dir='ltr'>nominum</span> <span class='ocrx_word' id='word_1_95' title='bbox 1174 1534 1272 1599; x_wconf 89' lang='lat' dir='ltr'>uariis</span> <span class='ocrx_word' id='word_1_96' title='bbox 1296 1535 1395 1616; x_wconf 82' lang='lat' dir='ltr'>signi·</span> 
     </span>
     <span class='ocr_line' id='line_1_13' title="bbox 238 1633 1394 1718; baseline 0.001 -19"><span class='ocrx_word' id='word_1_97' title='bbox 238 1634 441 1702; x_wconf 84' lang='lat' dir='ltr'>ficationibus</span> <span class='ocrx_word' id='word_1_98' title='bbox 469 1642 599 1718; x_wconf 83' lang='lat' dir='ltr'>agatur3</span> <span class='ocrx_word' id='word_1_99' title='bbox 631 1654 736 1716; x_wconf 88' lang='lat' dir='ltr'>neque</span> <span class='ocrx_word' id='word_1_100' title='bbox 767 1633 939 1700; x_wconf 88' lang='lat' dir='ltr'>abhorrent</span> <span class='ocrx_word' id='word_1_101' title='bbox 967 1655 987 1699; x_wconf 91' lang='lat' dir='ltr'>a</span> <span class='ocrx_word' id='word_1_102' title='bbox 1017 1636 1237 1700; x_wconf 85' lang='lat' dir='ltr'>commentarii</span> <span class='ocrx_word' id='word_1_103' title='bbox 1270 1641 1394 1700; x_wconf 88' lang='lat' dir='ltr'>natura.</span> 
     </span>
     <span class='ocr_line' id='line_1_14' title="bbox 240 1735 1394 1820; baseline -0.002 -18"><span class='ocrx_word' id='word_1_104' title='bbox 240 1737 346 1814; x_wconf 78' lang='lat' dir='ltr'>Quare</span> <span class='ocrx_word' id='word_1_105' title='bbox 361 1736 539 1820; x_wconf 90' lang='lat' dir='ltr'>Didymum</span> <span class='ocrx_word' id='word_1_106' title='bbox 561 1735 613 1802; x_wconf 92' lang='lat' dir='ltr'>hic</span> <span class='ocrx_word' id='word_1_107' title='bbox 636 1755 763 1819; x_wconf 90' lang='lat' dir='ltr'>quoque</span> <span class='ocrx_word' id='word_1_108' title='bbox 786 1755 985 1802; x_wconf 89' lang='lat' dir='ltr'>communem</span> <span class='ocrx_word' id='word_1_109' title='bbox 1001 1735 1160 1801; x_wconf 83' lang='lat' dir='ltr'>Athenaei</span> <span class='ocrx_word' id='word_1_110' title='bbox 1183 1742 1215 1801; x_wconf 92' lang='lat' dir='ltr'>et</span> <span class='ocrx_word' id='word_1_111' title='bbox 1236 1736 1394 1820; x_wconf 88' lang='lat' dir='ltr'>Hesychii</span> 
     </span>
     <span class='ocr_line' id='line_1_15' title="bbox 238 1836 620 1905; baseline 0 -3"><span class='ocrx_word' id='word_1_112' title='bbox 238 1836 359 1904; x_wconf 82' lang='lat' dir='ltr'>fontem</span> <span class='ocrx_word' id='word_1_113' title='bbox 382 1857 453 1905; x_wconf 89' lang='lat' dir='ltr'>esse</span> <span class='ocrx_word' id='word_1_114' title='bbox 475 1838 620 1903; x_wconf 86' lang='lat' dir='ltr'>arbitror.</span> 
     </span>
    </p>

    <p class='ocr_par' dir='ltr' id='par_1_6' title="bbox 239 1939 1395 2432">
     <span class='ocr_line' id='line_1_16' title="bbox 324 1939 1395 2023; baseline -0.001 -18"><span class='ocrx_word' id='word_1_115' title='bbox 324 1939 376 2005; x_wconf 88' lang='lat' dir='ltr'>Ad</span> <span class='ocrx_word' id='word_1_116' title='bbox 404 1941 589 2006; x_wconf 88' lang='lat' dir='ltr'>sambucam</span> <span class='ocrx_word' id='word_1_117' title='bbox 618 1959 722 2007; x_wconf 89' lang='lat' dir='ltr'>sermo</span> <span class='ocrx_word' id='word_1_118' title='bbox 752 1940 835 2005; x_wconf 91' lang='lat' dir='ltr'>redit</span> <span class='ocrx_word' id='word_1_119' title='bbox 863 1960 894 2023; x_wconf 88' lang='lat' dir='ltr'>p.</span> <span class='ocrx_word' id='word_1_120' title='bbox 912 1941 1002 2004; x_wconf 81' lang='grc'><strong>6371)</strong></span> <span class='ocrx_word' id='word_1_121' title='bbox 1032 1942 1085 2018; x_wconf 90' lang='lat'>(=</span> <span class='ocrx_word' id='word_1_122' title='bbox 1104 1959 1174 2023; x_wconf 88' lang='lat' dir='ltr'>cap.</span> <span class='ocrx_word' id='word_1_123' title='bbox 1191 1942 1230 2004; x_wconf 84' lang='lat'>40</span> <span class='ocrx_word' id='word_1_124' title='bbox 1247 1940 1299 2016; x_wconf 85' lang='grc' dir='ltr'>ΙΙ).</span> <span class='ocrx_word' id='word_1_125' title='bbox 1343 1940 1395 2006; x_wconf 92' lang='lat' dir='ltr'>Ibi</span> 
     </span>
     <span class='ocr_line' id='line_1_17' title="bbox 240 2041 1395 2125; baseline 0.003 -19"><span class='ocrx_word' id='word_1_126' title='bbox 240 2060 323 2125; x_wconf 85' lang='lat' dir='ltr'>quae</span> <span class='ocrx_word' id='word_1_127' title='bbox 345 2042 506 2125; x_wconf 85' lang='lat' dir='ltr'>leguntur,</span> <span class='ocrx_word' id='word_1_128' title='bbox 530 2061 569 2108; x_wconf 89' lang='lat' dir='ltr'>ea</span> <span class='ocrx_word' id='word_1_129' title='bbox 591 2043 624 2106; x_wconf 94' lang='lat' dir='ltr'>in</span> <span class='ocrx_word' id='word_1_130' title='bbox 646 2062 709 2107; x_wconf 92' lang='lat' dir='ltr'>uno</span> <span class='ocrx_word' id='word_1_131' title='bbox 732 2043 813 2107; x_wconf 93' lang='lat' dir='ltr'>libro</span> <span class='ocrx_word' id='word_1_132' title='bbox 838 2043 1006 2107; x_wconf 90' lang='lat' dir='ltr'>coniuncta</span> <span class='ocrx_word' id='word_1_133' title='bbox 1027 2042 1126 2108; x_wconf 85' lang='lat' dir='ltr'>fuisse</span> <span class='ocrx_word' id='word_1_134' title='bbox 1149 2062 1220 2107; x_wconf 88' lang='lat' dir='ltr'>cum</span> <span class='ocrx_word' id='word_1_135' title='bbox 1243 2041 1395 2109; x_wconf 91' lang='lat' dir='ltr'>Phillidis</span> 
     </span>
     <span class='ocr_line' id='line_1_18' title="bbox 239 2143 1395 2227; baseline 0.001 -20"><span class='ocrx_word' id='word_1_136' title='bbox 239 2143 280 2207; x_wconf 86' lang='lat' dir='ltr'>de</span> <span class='ocrx_word' id='word_1_137' title='bbox 296 2143 444 2210; x_wconf 90' lang='lat' dir='ltr'>iambuoa</span> <span class='ocrx_word' id='word_1_138' title='bbox 458 2145 566 2210; x_wconf 90' lang='lat' dir='ltr'>uerbis</span> <span class='ocrx_word' id='word_1_139' title='bbox 587 2144 620 2208; x_wconf 93' lang='lat' dir='ltr'>in</span> <span class='ocrx_word' id='word_1_140' title='bbox 638 2164 707 2227; x_wconf 90' lang='lat' dir='ltr'>cap.</span> <span class='ocrx_word' id='word_1_141' title='bbox 726 2147 765 2208; x_wconf 83' lang='lat'>38</span> <span class='ocrx_word' id='word_1_142' title='bbox 788 2145 898 2209; x_wconf 91' lang='lat' dir='ltr'>relatis</span> <span class='ocrx_word' id='word_1_143' title='bbox 921 2150 1057 2226; x_wconf 87' lang='lat' dir='ltr'>apparet</span> <span class='ocrx_word' id='word_1_144' title='bbox 1079 2144 1151 2209; x_wconf 87' lang='lat' dir='ltr'>coll.</span> <span class='ocrx_word' id='word_1_145' title='bbox 1168 2143 1309 2227; x_wconf 85' lang='lat' dir='ltr'>Hesych.</span> <span class='ocrx_word' id='word_1_146' title='bbox 1326 2164 1350 2210; x_wconf 90' lang='lat' dir='ltr'>s.</span> <span class='ocrx_word' id='word_1_147' title='bbox 1364 2165 1395 2210; x_wconf 90' lang='lat' dir='ltr'>u.</span> 
     </span>
     <span class='ocr_line' id='line_1_19' title="bbox 240 2229 1395 2328; baseline 0.003 -22"><span class='ocrx_word' id='word_1_148' title='bbox 240 2240 414 2327; x_wconf 74' lang='grc' dir='ltr'><em>ἰαμβύκαι·</em></span> <span class='ocrx_word' id='word_1_149' title='bbox 445 2236 569 2328; x_wconf 78' lang='grc' dir='ltr'><em>ὄργανα</em></span> <span class='ocrx_word' id='word_1_150' title='bbox 595 2242 754 2327; x_wconf 81' lang='grc' dir='ltr'><em>μουσικά,</em></span> <span class='ocrx_word' id='word_1_151' title='bbox 785 2241 818 2310; x_wconf 77' lang='grc' dir='ltr'>ἐν</span> <span class='ocrx_word' id='word_1_152' title='bbox 842 2241 893 2318; x_wconf 84' lang='grc' dir='ltr'>οἷς</span> <span class='ocrx_word' id='word_1_153' title='bbox 914 2241 991 2318; x_wconf 80' lang='grc' dir='ltr'><em>τοὺς</em></span> <span class='ocrx_word' id='word_1_154' title='bbox 1021 2240 1161 2326; x_wconf 77' lang='grc' dir='ltr'><strong><em>ἰάμβους</em></strong></span> <span class='ocrx_word' id='word_1_155' title='bbox 1187 2229 1282 2328; x_wconf 71' lang='grc' dir='ltr'><em>ᾖδον</em></span> <span class='ocrx_word' id='word_1_156' title='bbox 1313 2239 1332 2326; x_wconf 79' lang='grc' dir='ltr'>ἡ</span> <span class='ocrx_word' id='word_1_157' title='bbox 1358 2243 1395 2309; x_wconf 77' lang='grc' dir='ltr'>δὲ</span> 
     </span>
     <span class='ocr_line' id='line_1_20' title="bbox 239 2339 1395 2432; baseline 0 -24"><span class='ocrx_word' id='word_1_158' title='bbox 239 2342 389 2432; x_wconf 77' lang='grc' dir='ltr'><strong><em>σαμβύκη</em></strong></span> <span class='ocrx_word' id='word_1_159' title='bbox 414 2343 523 2432; x_wconf 69' lang='grc' dir='ltr'><em>ἕτερον</em></span> <span class='ocrx_word' id='word_1_160' title='bbox 546 2339 613 2430; x_wconf 81' lang='grc' dir='ltr'>ὀψὲ</span> <span class='ocrx_word' id='word_1_161' title='bbox 636 2349 687 2426; x_wconf 85' lang='lat' dir='ltr'>(cf.</span> <span class='ocrx_word' id='word_1_162' title='bbox 704 2348 821 2423; x_wconf 74' lang='lat' dir='ltr'>estat)</span> <span class='ocrx_word' id='word_1_163' title='bbox 850 2339 1027 2431; x_wconf 77' lang='grc' dir='ltr'><em>εὑρημένον</em></span> <span class='ocrx_word' id='word_1_164' title='bbox 1055 2350 1087 2410; x_wconf 82' lang='lat' dir='ltr'>et</span> <span class='ocrx_word' id='word_1_165' title='bbox 1108 2343 1201 2408; x_wconf 85' lang='lat' dir='ltr'>Phor.</span> <span class='ocrx_word' id='word_1_166' title='bbox 1224 2365 1248 2409; x_wconf 76' lang='lat' dir='ltr'>a.</span> <span class='ocrx_word' id='word_1_167' title='bbox 1265 2365 1295 2409; x_wconf 76' lang='lat' dir='ltr'>u,</span> <span class='ocrx_word' id='word_1_168' title='bbox 1314 2342 1395 2425; x_wconf 81' lang='grc' dir='ltr'><em>ἰαμ-</em></span> 
     </span>
    </p>
   </div>
   <div class='ocr_carea' id='block_1_5' title="bbox 236 2435 1393 2633">
    <p class='ocr_par' dir='ltr' id='par_1_7' title="bbox 236 2435 1393 2633">
     <span class='ocr_line' id='line_1_21' title="bbox 236 2435 1393 2542; baseline 0 -34"><span class='ocrx_word' id='word_1_169' title='bbox 236 2443 336 2530; x_wconf 74' lang='grc' dir='ltr'><em>βύκη·</em></span> <span class='ocrx_word' id='word_1_170' title='bbox 361 2439 500 2530; x_wconf 73' lang='grc' dir='ltr'><em>ὄργανον</em></span> <span class='ocrx_word' id='word_1_171' title='bbox 521 2445 697 2529; x_wconf 82' lang='grc' dir='ltr'><em>μουσικόν·</em></span> <span class='ocrx_word' id='word_1_172' title='bbox 722 2445 850 2532; x_wconf 75' lang='grc' dir='ltr'><em>εἴρηται</em></span> <span class='ocrx_word' id='word_1_173' title='bbox 869 2438 901 2509; x_wconf 85' lang='lat' dir='ltr'>d&#39;</span> <span class='ocrx_word' id='word_1_174' title='bbox 913 2442 954 2542; x_wconf 57' lang='lat' dir='ltr'>dr</span> <span class='ocrx_word' id='word_1_175' title='bbox 970 2443 1095 2530; x_wconf 77' lang='grc' dir='ltr'><em>ἑτέροις</em></span> <span class='ocrx_word' id='word_1_176' title='bbox 1116 2445 1172 2509; x_wconf 80' lang='grc' dir='ltr'>καὶ</span> <span class='ocrx_word' id='word_1_177' title='bbox 1195 2435 1393 2532; x_wconf 73' lang='grc' dir='ltr'><em>ὠνομάσθη,</em></span> 
     </span>
     <span class='ocr_line' id='line_1_22' title="bbox 237 2536 1393 2633; baseline 0.001 -25"><span class='ocrx_word' id='word_1_178' title='bbox 237 2536 284 2622; x_wconf 79' lang='grc' dir='ltr'>ὥς</span> <span class='ocrx_word' id='word_1_179' title='bbox 307 2566 426 2633; x_wconf 85' lang='grc' dir='ltr'><em>φασιν,</em></span> <span class='ocrx_word' id='word_1_180' title='bbox 456 2538 509 2612; x_wconf 75' lang='grc' dir='ltr'>ὅτι</span> <span class='ocrx_word' id='word_1_181' title='bbox 532 2544 619 2632; x_wconf 81' lang='grc' dir='ltr'><strong><em>πρὸς</em></strong></span> <span class='ocrx_word' id='word_1_182' title='bbox 641 2539 721 2611; x_wconf 73' lang='grc' dir='ltr'><strong><em>αὐτὸ</em></strong></span> <span class='ocrx_word' id='word_1_183' title='bbox 746 2543 886 2628; x_wconf 76' lang='grc' dir='ltr'><strong><em>ἰάμβους</em></strong></span> <span class='ocrx_word' id='word_1_184' title='bbox 908 2541 1006 2631; x_wconf 79' lang='grc' dir='ltr'><em>ᾐδσν·</em></span> <span class='ocrx_word' id='word_1_185' title='bbox 1032 2541 1051 2631; x_wconf 82' lang='grc' dir='ltr'><em>ἦ</em></span> <span class='ocrx_word' id='word_1_186' title='bbox 1077 2545 1112 2611; x_wconf 80' lang='grc' dir='ltr'>δὲ</span> <span class='ocrx_word' id='word_1_187' title='bbox 1136 2544 1285 2632; x_wconf 73' lang='grc' dir='ltr'><em>σαμβύκη</em></span> <span class='ocrx_word' id='word_1_188' title='bbox 1309 2546 1393 2611; x_wconf 86' lang='grc' dir='ltr'><em>νεώ-</em></span> 
     </span>
    </p>
   </div>
   <div class='ocr_carea' id='block_1_6' title="bbox 236 2641 1394 4152">
    <p class='ocr_par' dir='ltr' id='par_1_8' title="bbox 236 2641 1394 4152">
     <span class='ocr_line' id='line_1_23' title="bbox 237 2641 1393 2734; baseline 0.004 -23"><span class='ocrx_word' id='word_1_189' title='bbox 237 2670 333 2732; x_wconf 79' lang='grc' dir='ltr'><em>τερον</em></span> <span class='ocrx_word' id='word_1_190' title='bbox 362 2649 417 2713; x_wconf 84' lang='grc' dir='ltr'>καὶ</span> <span class='ocrx_word' id='word_1_191' title='bbox 447 2641 514 2732; x_wconf 80' lang='grc' dir='ltr'>ὀψὲ</span> <span class='ocrx_word' id='word_1_192' title='bbox 536 2651 568 2726; x_wconf 82' lang='grc'>(1)</span> <span class='ocrx_word' id='word_1_193' title='bbox 596 2642 662 2714; x_wconf 77' lang='grc' dir='ltr'>ὑπὸ</span> <span class='ocrx_word' id='word_1_194' title='bbox 687 2644 860 2731; x_wconf 61' lang='lat' dir='ltr'>§apponte</span> <span class='ocrx_word' id='word_1_195' title='bbox 888 2671 979 2723; x_wconf 77' lang='grc' dir='ltr'><em>τινος</em></span> <span class='ocrx_word' id='word_1_196' title='bbox 1009 2642 1142 2734; x_wconf 75' lang='grc' dir='ltr'><em>εὑρέθη.</em></span> <span class='ocrx_word' id='word_1_197' title='bbox 1186 2646 1300 2713; x_wconf 87' lang='lat' dir='ltr'>Rohde</span> <span class='ocrx_word' id='word_1_198' title='bbox 1332 2648 1393 2716; x_wconf 85' lang='lat' dir='ltr'>hos</span> 
     </span>
     <span class='ocr_line' id='line_1_24' title="bbox 236 2742 1388 2835; baseline 0.001 -20"><span class='ocrx_word' id='word_1_199' title='bbox 236 2750 397 2818; x_wconf 88' lang='lat' dir='ltr'>Athenaei</span> <span class='ocrx_word' id='word_1_200' title='bbox 418 2753 507 2819; x_wconf 90' lang='lat' dir='ltr'>locos</span> <span class='ocrx_word' id='word_1_201' title='bbox 527 2746 582 2818; x_wconf 83' lang='lat' dir='ltr'>‘ad</span> <span class='ocrx_word' id='word_1_202' title='bbox 598 2758 760 2818; x_wconf 88' lang='lat' dir='ltr'>auctorem</span> <span class='ocrx_word' id='word_1_203' title='bbox 777 2771 818 2816; x_wconf 86' lang='lat' dir='ltr'>ex</span> <span class='ocrx_word' id='word_1_204' title='bbox 833 2750 981 2835; x_wconf 88' lang='lat' dir='ltr'>Didymo</span> <span class='ocrx_word' id='word_1_205' title='bbox 996 2750 1190 2835; x_wconf 88' lang='lat' dir='ltr'>pendentem</span> <span class='ocrx_word' id='word_1_206' title='bbox 1212 2742 1388 2833; x_wconf 83' lang='lat' dir='ltr'>pertinere’</span> 
     </span>
     <span class='ocr_line' id='line_1_25' title="bbox 238 2852 1392 2935; baseline 0.001 -18"><span class='ocrx_word' id='word_1_207' title='bbox 238 2857 325 2918; x_wconf 89' lang='lat' dir='ltr'>ratus</span> <span class='ocrx_word' id='word_1_208' title='bbox 347 2852 390 2918; x_wconf 90' lang='lat' dir='ltr'>ad</span> <span class='ocrx_word' id='word_1_209' title='bbox 412 2873 523 2919; x_wconf 92' lang='lat' dir='ltr'>uerum</span> <span class='ocrx_word' id='word_1_210' title='bbox 545 2852 699 2935; x_wconf 88' lang='lat' dir='ltr'>adspirat.</span> <span class='ocrx_word' id='word_1_211' title='bbox 739 2853 810 2918; x_wconf 88' lang='lat' dir='ltr'>Huc</span> <span class='ocrx_word' id='word_1_212' title='bbox 831 2854 909 2918; x_wconf 87' lang='lat' dir='ltr'>facit</span> <span class='ocrx_word' id='word_1_213' title='bbox 931 2854 1027 2917; x_wconf 91' lang='lat' dir='ltr'>etiam</span> <span class='ocrx_word' id='word_1_214' title='bbox 1052 2852 1140 2918; x_wconf 86' lang='lat' dir='ltr'>Semi</span> <span class='ocrx_word' id='word_1_215' title='bbox 1162 2853 1249 2917; x_wconf 91' lang='lat' dir='ltr'>Delii</span> <span class='ocrx_word' id='word_1_216' title='bbox 1271 2853 1392 2918; x_wconf 89' lang='lat' dir='ltr'>mentio</span> 
     </span>
     <span class='ocr_line' id='line_1_26' title="bbox 237 2953 1393 3037; baseline 0.003 -23"><span class='ocrx_word' id='word_1_217' title='bbox 237 2973 269 3036; x_wconf 92' lang='lat' dir='ltr'>p.</span> <span class='ocrx_word' id='word_1_218' title='bbox 283 2954 372 3017; x_wconf 85' lang='lat' dir='ltr'>637b</span> <span class='ocrx_word' id='word_1_219' title='bbox 388 2953 472 3019; x_wconf 85' lang='lat' dir='ltr'>facta</span> <span class='ocrx_word' id='word_1_220' title='bbox 490 2953 578 3031; x_wconf 89' lang='lat' dir='ltr'>(uide</span> <span class='ocrx_word' id='word_1_221' title='bbox 595 2971 677 3035; x_wconf 88' lang='lat' dir='ltr'>quae</span> <span class='ocrx_word' id='word_1_222' title='bbox 692 2973 789 3035; x_wconf 85' lang='lat' dir='ltr'>supra</span> <span class='ocrx_word' id='word_1_223' title='bbox 811 2955 914 3037; x_wconf 81' lang='lat' dir='ltr'>p.121</span> <span class='ocrx_word' id='word_1_224' title='bbox 941 2953 1193 3036; x_wconf 88' lang='lat' dir='ltr'>disputauimus).</span> <span class='ocrx_word' id='word_1_225' title='bbox 1229 2953 1298 3035; x_wconf 81' lang='lat' dir='ltr'>Ego</span> <span class='ocrx_word' id='word_1_226' title='bbox 1314 2971 1393 3018; x_wconf 93' lang='lat' dir='ltr'>uero</span> 
     </span>
     <span class='ocr_line' id='line_1_27' title="bbox 236 3045 1394 3135; baseline 0.003 -20"><span class='ocrx_word' id='word_1_227' title='bbox 236 3058 369 3135; x_wconf 88' lang='lat' dir='ltr'>propter</span> <span class='ocrx_word' id='word_1_228' title='bbox 389 3053 470 3118; x_wconf 92' lang='lat' dir='ltr'>illud</span> <span class='ocrx_word' id='word_1_229' title='bbox 492 3045 560 3134; x_wconf 80' lang='grc' dir='ltr'>ὀψέ</span> <span class='ocrx_word' id='word_1_230' title='bbox 581 3052 668 3135; x_wconf 88' lang='lat' dir='ltr'>apud</span> <span class='ocrx_word' id='word_1_231' title='bbox 684 3053 759 3118; x_wconf 91' lang='lat' dir='ltr'>Hes.</span> <span class='ocrx_word' id='word_1_232' title='bbox 777 3058 808 3117; x_wconf 86' lang='lat' dir='ltr'>ct</span> <span class='ocrx_word' id='word_1_233' title='bbox 823 3052 915 3118; x_wconf 91' lang='lat' dir='ltr'>Phot.</span> <span class='ocrx_word' id='word_1_234' title='bbox 941 3054 1038 3118; x_wconf 89' lang='lat' dir='ltr'>etiam</span> <span class='ocrx_word' id='word_1_235' title='bbox 1053 3053 1267 3135; x_wconf 80' lang='lat' dir='ltr'>Euphorionis</span> <span class='ocrx_word' id='word_1_236' title='bbox 1290 3053 1394 3119; x_wconf 88' lang='lat' dir='ltr'>uerba</span> 
     </span>
     <span class='ocr_line' id='line_1_28' title="bbox 236 3152 1392 3237; baseline 0.004 -21"><span class='ocrx_word' id='word_1_237' title='bbox 236 3173 268 3237; x_wconf 89' lang='lat' dir='ltr'>p.</span> <span class='ocrx_word' id='word_1_238' title='bbox 281 3153 371 3219; x_wconf 76' lang='lat' dir='ltr'>oasa</span> <span class='ocrx_word' id='word_1_239' title='bbox 393 3152 499 3219; x_wconf 89' lang='lat' dir='ltr'>cidem</span> <span class='ocrx_word' id='word_1_240' title='bbox 521 3155 643 3221; x_wconf 90' lang='lat' dir='ltr'>auctori</span> <span class='ocrx_word' id='word_1_241' title='bbox 665 3154 779 3219; x_wconf 92' lang='lat' dir='ltr'>tribuo.</span> <span class='ocrx_word' id='word_1_242' title='bbox 823 3154 892 3217; x_wconf 91' lang='lat' dir='ltr'>Iam</span> <span class='ocrx_word' id='word_1_243' title='bbox 915 3154 954 3219; x_wconf 87' lang='lat' dir='ltr'>cf.</span> <span class='ocrx_word' id='word_1_244' title='bbox 977 3152 1020 3218; x_wconf 90' lang='lat' dir='ltr'>ad</span> <span class='ocrx_word' id='word_1_245' title='bbox 1041 3174 1073 3235; x_wconf 88' lang='lat' dir='ltr'>p.</span> <span class='ocrx_word' id='word_1_246' title='bbox 1086 3154 1177 3217; x_wconf 83' lang='grc'><strong>6371)</strong></span> <span class='ocrx_word' id='word_1_247' title='bbox 1200 3152 1291 3218; x_wconf 92' lang='lat' dir='ltr'>Phot.</span> <span class='ocrx_word' id='word_1_248' title='bbox 1316 3173 1341 3218; x_wconf 91' lang='lat' dir='ltr'>s.</span> <span class='ocrx_word' id='word_1_249' title='bbox 1360 3175 1392 3221; x_wconf 88' lang='lat' dir='ltr'>u.</span> 
     </span>
     <span class='ocr_line' id='line_1_29' title="bbox 237 3247 1393 3340; baseline 0.002 -22"><span class='ocrx_word' id='word_1_250' title='bbox 237 3251 366 3338; x_wconf 83' lang='grc' dir='ltr'><em>φοῖνιξ·</em></span> <span class='ocrx_word' id='word_1_251' title='bbox 389 3252 427 3320; x_wconf 79' lang='grc' dir='ltr'>τὸ</span> <span class='ocrx_word' id='word_1_252' title='bbox 451 3252 609 3337; x_wconf 85' lang='grc' dir='ltr'><em>μουσικὸν</em></span> <span class='ocrx_word' id='word_1_253' title='bbox 632 3248 772 3340; x_wconf 77' lang='grc' dir='ltr'><em>ὄργανον</em></span> <span class='ocrx_word' id='word_1_254' title='bbox 795 3250 851 3317; x_wconf 80' lang='grc' dir='ltr'>διὰ</span> <span class='ocrx_word' id='word_1_255' title='bbox 873 3250 911 3317; x_wconf 84' lang='grc' dir='ltr'>τὸ</span> <span class='ocrx_word' id='word_1_256' title='bbox 931 3248 1171 3328; x_wconf 62' lang='lat' dir='ltr'>inaccessos</span> <span class='ocrx_word' id='word_1_257' title='bbox 1194 3247 1393 3339; x_wconf 51' lang='lat' dir='ltr'>comestam</span> 
     </span>
     <span class='ocr_line' id='line_1_30' title="bbox 238 3350 1393 3443; baseline 0.003 -25"><span class='ocrx_word' id='word_1_258' title='bbox 238 3355 325 3420; x_wconf 89' lang='lat' dir='ltr'>idem</span> <span class='ocrx_word' id='word_1_259' title='bbox 348 3378 371 3423; x_wconf 87' lang='lat' dir='ltr'>s.</span> <span class='ocrx_word' id='word_1_260' title='bbox 388 3378 418 3422; x_wconf 91' lang='lat' dir='ltr'>u.</span> <span class='ocrx_word' id='word_1_261' title='bbox 438 3356 615 3443; x_wconf 80' lang='grc' dir='ltr'><em>Φοινικηῑα</em></span> <span class='ocrx_word' id='word_1_262' title='bbox 636 3353 815 3440; x_wconf 70' lang='grc' dir='ltr'><em>γράμματα</em></span> <span class='ocrx_word' id='word_1_263' title='bbox 843 3355 955 3421; x_wconf 91' lang='lat' dir='ltr'>laudat</span> <span class='ocrx_word' id='word_1_264' title='bbox 978 3355 1167 3421; x_wconf 86' lang='lat' dir='ltr'>Scamcnem</span> <span class='ocrx_word' id='word_1_265' title='bbox 1197 3350 1231 3418; x_wconf 80' lang='grc' dir='ltr'>ἐν</span> <span class='ocrx_word' id='word_1_266' title='bbox 1252 3356 1294 3439; x_wconf 80' lang='grc' dir='ltr'>τῇ</span> <span class='ocrx_word' id='word_1_267' title='bbox 1317 3354 1393 3421; x_wconf 83' lang='grc' dir='ltr'><em>δευ-</em></span> 
     </span>
     <span class='ocr_line' id='line_1_31' title="bbox 236 3453 1393 3544; baseline 0.006 -26"><span class='ocrx_word' id='word_1_268' title='bbox 236 3458 317 3540; x_wconf 77' lang='grc' dir='ltr'><strong><em>τέρᾳ</em></strong></span> <span class='ocrx_word' id='word_1_269' title='bbox 331 3459 397 3519; x_wconf 78' lang='grc' dir='ltr'>τῶν</span> <span class='ocrx_word' id='word_1_270' title='bbox 413 3453 616 3544; x_wconf 72' lang='grc' dir='ltr'><em>εὑρημάτων.</em></span> <span class='ocrx_word' id='word_1_271' title='bbox 655 3457 836 3524; x_wconf 74' lang='lat' dir='ltr'>Communis</span> <span class='ocrx_word' id='word_1_272' title='bbox 860 3457 913 3524; x_wconf 88' lang='lat' dir='ltr'>hio</span> <span class='ocrx_word' id='word_1_273' title='bbox 929 3457 1087 3524; x_wconf 85' lang='lat' dir='ltr'>Athenaei</span> <span class='ocrx_word' id='word_1_274' title='bbox 1110 3462 1142 3522; x_wconf 89' lang='lat' dir='ltr'>ct</span> <span class='ocrx_word' id='word_1_275' title='bbox 1156 3456 1264 3522; x_wconf 92' lang='lat' dir='ltr'>Photii</span> <span class='ocrx_word' id='word_1_276' title='bbox 1279 3463 1393 3525; x_wconf 88' lang='lat' dir='ltr'>auctor</span> 
     </span>
     <span class='ocr_line' id='line_1_32' title="bbox 237 3557 1391 3642; baseline 0.003 -19"><span class='ocrx_word' id='word_1_277' title='bbox 237 3559 309 3640; x_wconf 89' lang='lat' dir='ltr'>quis</span> <span class='ocrx_word' id='word_1_278' title='bbox 337 3564 444 3640; x_wconf 89' lang='lat' dir='ltr'>potest</span> <span class='ocrx_word' id='word_1_279' title='bbox 472 3579 543 3626; x_wconf 87' lang='lat' dir='ltr'>esse</span> <span class='ocrx_word' id='word_1_280' title='bbox 572 3561 634 3624; x_wconf 89' lang='lat' dir='ltr'>nisi</span> <span class='ocrx_word' id='word_1_281' title='bbox 656 3559 832 3642; x_wconf 87' lang='lat' dir='ltr'>Didymus,</span> <span class='ocrx_word' id='word_1_282' title='bbox 863 3562 914 3626; x_wconf 91' lang='lat' dir='ltr'>cui</span> <span class='ocrx_word' id='word_1_283' title='bbox 937 3558 1087 3625; x_wconf 87' lang='lat' dir='ltr'>Phillidis</span> <span class='ocrx_word' id='word_1_284' title='bbox 1117 3564 1149 3624; x_wconf 92' lang='lat' dir='ltr'>et</span> <span class='ocrx_word' id='word_1_285' title='bbox 1174 3557 1391 3642; x_wconf 79' lang='lat' dir='ltr'>Euphorionis</span> 
     </span>
     <span class='ocr_line' id='line_1_33' title="bbox 237 3659 1391 3745; baseline 0 -21"><span class='ocrx_word' id='word_1_286' title='bbox 237 3660 420 3726; x_wconf 86' lang='lat' dir='ltr'>testimonia</span> <span class='ocrx_word' id='word_1_287' title='bbox 448 3661 521 3726; x_wconf 92' lang='lat' dir='ltr'>aliis</span> <span class='ocrx_word' id='word_1_288' title='bbox 551 3660 592 3726; x_wconf 91' lang='lat' dir='ltr'>de</span> <span class='ocrx_word' id='word_1_289' title='bbox 621 3661 725 3726; x_wconf 89' lang='lat' dir='ltr'>causis</span> <span class='ocrx_word' id='word_1_290' title='bbox 756 3661 821 3725; x_wconf 94' lang='lat' dir='ltr'>iam</span> <span class='ocrx_word' id='word_1_291' title='bbox 849 3681 946 3745; x_wconf 89' lang='lat' dir='ltr'>supra</span> <span class='ocrx_word' id='word_1_292' title='bbox 974 3680 1005 3743; x_wconf 91' lang='lat' dir='ltr'>p.</span> <span class='ocrx_word' id='word_1_293' title='bbox 1025 3663 1081 3722; x_wconf 89' lang='lat'>131</span> <span class='ocrx_word' id='word_1_294' title='bbox 1107 3659 1391 3726; x_wconf 68' lang='lat' dir='ltr'>adiudioauimust</span> 
     </span>
     <span class='ocr_line' id='line_1_34' title="bbox 238 3760 1394 3846; baseline -0.001 -19"><span class='ocrx_word' id='word_1_295' title='bbox 238 3761 336 3828; x_wconf 78' lang='lat' dir='ltr'>Cuius</span> <span class='ocrx_word' id='word_1_296' title='bbox 359 3761 534 3829; x_wconf 86' lang='lat' dir='ltr'>doctrinam</span> <span class='ocrx_word' id='word_1_297' title='bbox 558 3761 692 3828; x_wconf 91' lang='lat' dir='ltr'>Photius</span> <span class='ocrx_word' id='word_1_298' title='bbox 714 3761 864 3846; x_wconf 82' lang='lat' dir='ltr'>fortasse,</span> <span class='ocrx_word' id='word_1_299' title='bbox 887 3769 922 3828; x_wconf 90' lang='lat' dir='ltr'>ut</span> <span class='ocrx_word' id='word_1_300' title='bbox 943 3761 1038 3843; x_wconf 91' lang='lat' dir='ltr'>alibi,</span> <span class='ocrx_word' id='word_1_301' title='bbox 1062 3760 1230 3845; x_wconf 81' lang='lat' dir='ltr'>Tryphoni</span> <span class='ocrx_word' id='word_1_302' title='bbox 1253 3767 1285 3826; x_wconf 90' lang='lat' dir='ltr'>et</span> <span class='ocrx_word' id='word_1_303' title='bbox 1306 3761 1394 3837; x_wconf 49' lang='lat' dir='ltr'>Atti&lt;</span> 
     </span>
     <span class='ocr_line' id='line_1_35' title="bbox 237 3862 1391 3946; baseline 0 -18"><span class='ocrx_word' id='word_1_304' title='bbox 237 3864 326 3930; x_wconf 88' lang='lat' dir='ltr'>cistis</span> <span class='ocrx_word' id='word_1_305' title='bbox 341 3864 447 3930; x_wconf 90' lang='lat' dir='ltr'>debet.</span> <span class='ocrx_word' id='word_1_306' title='bbox 467 3900 506 3910; x_wconf 94' lang='lat'><em>-</em></span> <span class='ocrx_word' id='word_1_307' title='bbox 529 3863 635 3942; x_wconf 80' lang='lat' dir='ltr'>Quare</span> <span class='ocrx_word' id='word_1_308' title='bbox 658 3864 763 3930; x_wconf 89' lang='lat' dir='ltr'>nullus</span> <span class='ocrx_word' id='word_1_309' title='bbox 786 3862 907 3946; x_wconf 89' lang='lat' dir='ltr'>dubito,</span> <span class='ocrx_word' id='word_1_310' title='bbox 933 3863 1010 3945; x_wconf 90' lang='lat' dir='ltr'>quin</span> <span class='ocrx_word' id='word_1_311' title='bbox 1032 3869 1132 3928; x_wconf 90' lang='lat' dir='ltr'>totum</span> <span class='ocrx_word' id='word_1_312' title='bbox 1156 3869 1252 3946; x_wconf 90' lang='lat' dir='ltr'>caput</span> <span class='ocrx_word' id='word_1_313' title='bbox 1268 3865 1307 3927; x_wconf 80' lang='lat' dir='ltr'>to</span> <span class='ocrx_word' id='word_1_314' title='bbox 1332 3863 1391 3928; x_wconf 92' lang='lat' dir='ltr'>Di·</span> 
     </span>
     <span class='ocr_line' id='line_1_36' title="bbox 238 3962 978 4050; baseline 0.001 -23"><span class='ocrx_word' id='word_1_315' title='bbox 238 3963 337 4043; x_wconf 86' lang='lat' dir='ltr'>dymo</span> <span class='ocrx_word' id='word_1_316' title='bbox 359 3966 587 4050; x_wconf 84' lang='lat' dir='ltr'>assignandum</span> <span class='ocrx_word' id='word_1_317' title='bbox 613 3967 653 4031; x_wconf 91' lang='lat' dir='ltr'>sit</span> <span class='ocrx_word' id='word_1_318' title='bbox 676 3970 786 4032; x_wconf 89' lang='lat' dir='ltr'>contra</span> <span class='ocrx_word' id='word_1_319' title='bbox 806 3962 978 4030; x_wconf 90' lang='lat' dir='ltr'>Rohdium.</span> 
     </span>
     <span class='ocr_line' id='line_1_37' title="bbox 322 4064 1177 4152; baseline -0.001 -23"><span class='ocrx_word' id='word_1_320' title='bbox 322 4066 349 4129; x_wconf 82' lang='lat' dir='ltr'><strong>E</strong></span> <span class='ocrx_word' id='word_1_321' title='bbox 372 4067 539 4152; x_wconf 85' lang='lat' dir='ltr'>Didymo</span> <span class='ocrx_word' id='word_1_322' title='bbox 561 4068 658 4151; x_wconf 81' lang='lat' dir='ltr'>igitur</span> <span class='ocrx_word' id='word_1_323' title='bbox 680 4064 795 4133; x_wconf 85' lang='lat' dir='ltr'>hausta</span> <span class='ocrx_word' id='word_1_324' title='bbox 816 4071 890 4132; x_wconf 90' lang='lat' dir='ltr'>sunt</span> <span class='ocrx_word' id='word_1_325' title='bbox 912 4066 1020 4149; x_wconf 88' lang='lat' dir='ltr'>capita</span> <span class='ocrx_word' id='word_1_326' title='bbox 1043 4067 1177 4129; x_wconf 84' lang='grc'><strong>34-41,</strong></span> 
     </span>
    </p>
   </div>
   <div class='ocr_carea' id='block_1_7' title="bbox 0 0 1464 4748">
    <p class='ocr_par' dir='ltr' id='par_1_9' title="bbox 0 0 1464 4748">
     <span class='ocr_line' id='line_1_38' title="bbox 0 0 1464 4748; baseline 0 0"><span class='ocrx_word' id='word_1_327' title='bbox 0 0 1464 4748; x_wconf 95' lang='lat' dir='ltr'> </span> 
     </span>
    </p>
   </div>
  </div>
 </body>
</html>
