2918 4748
147 366 210 426 102
497 376 501 386 ·
546 361 660 417 (iareim
678 359 808 416 Albertus
826 359 904 431 Bapp

111 525 113 529 ¹
149 538 340 623 dionysiana
368 532 521 618 pyrricha
549 538 726 599 narrantur.
756 568 798 578 -
826 533 972 599 Tertium
1000 532 1174 617 pyrrichas
1203 548 1307 619 genus

148 659 254 722 neque
277 630 459 718 πολεμικόν
475 653 581 717 neque
599 630 743 709 ἐπιεικές
766 635 849 700 inter
870 633 1025 701 ridiculas
1046 634 1236 703 saltationes
1258 656 1308 702 re·

149 745 297 809 censetur
324 757 355 822 p.
372 735 463 800 6291.
509 735 628 802 Contra
657 736 766 818 prisca
794 736 852 801 illa
880 740 1075 802 memoratur
1100 736 1201 820 paulo
1231 743 1307 804 ante

149 861 180 926 p.
198 842 295 905 6290.
339 836 486 902 Diuersis
508 835 562 902 hic
590 836 732 902 fontibus
758 836 805 900 uti
826 835 1030 902 Athenaeum
1052 834 1172 902 Rohdii
1201 839 1306 904 aciem

149 962 213 1009 non
235 941 327 1024 fugit.
371 937 438 1004 Sed
461 937 502 1004 de
526 936 576 1004 his
599 938 682 1004 infra
692 939 724 1015 1).

235 1041 359 1125 Capitis
381 1042 421 1104 30
444 1039 536 1105 initio
558 1039 666 1124 prisca
688 1037 879 1105 describitur
903 1035 1148 1124 γυμνοπαιδική
1159 1041 1193 1115 ²).
1240 1037 1308 1106 Sed

148 1162 259 1210 rursus
280 1141 516 1206 intermiscetur
539 1138 683 1206 eiusdem
705 1140 844 1206 auctoris
867 1137 1026 1224 doctrina,
1053 1141 1104 1207 cui
1127 1141 1245 1224 capitis
1266 1141 1308 1204 29

150 1245 272 1311 exitum
288 1240 400 1308 deberi
415 1241 626 1324 coniecimu15
649 1241 683 1306 id
699 1240 786 1324 quod
809 1242 948 1307 comitur
970 1259 988 1307 e
1011 1242 1119 1308 uerbis
1142 1231 1309 1306 ὥστεκαὶ

88 1341 90 1344 ’
149 1342 209 1429 τὴν
224 1337 359 1429 ὄρχησιν
382 1333 505 1428 ταύτην
528 1339 576 1417 εἰς
596 1338 655 1406 τὸν
670 1339 837 1407 Διόνυσον
861 1333 1106 1428 ἀναφέρεσθαι.
1144 1341 1236 1421 Quae
1259 1358 1308 1410 se·

150 1453 264 1514 cuntur
284 1464 386 1527 usque
409 1443 569 1510 adfinem
592 1445 707 1529 capitis
730 1463 771 1509 ex
786 1444 979 1510 Aristoxeno
1002 1445 1044 1510 ab
1066 1444 1229 1512 Aristoele
1253 1465 1308 1512 ex·

150 1554 263 1632 carpta
285 1565 356 1612 esse
381 1550 521 1610 autumo.
567 1544 634 1610 Sub
663 1545 759 1611 finem
788 1545 938 1610 laudatur
960 1536 1189 1630 Ἀριστόξενος
1218 1543 1253 1611 ἑν
1277 1544 1308 1611 α’

151 1650 361 1733 συγκρίσεων.
399 1645 484 1712 Huic
501 1645 686 1711 Aristoxeni
710 1647 800 1731 operi
822 1644 1024 1712 Athenaeum
1047 1667 1204 1730 nusquam
1228 1647 1310 1716 alihi

150 1749 369 1817 testimonium
386 1746 574 1813 denuntiare
590 1746 705 1813 Rohde
727 1768 758 1830 p.
772 1750 812 1811 43
835 1747 924 1814 dicit.
963 1747 1029 1814 Sed
1051 1750 1094 1815 ad
1116 1749 1203 1817 idem
1225 1751 1280 1817 ret
1299 1788 1310 1800 -

149 1852 285 1935 rendum
315 1868 386 1916 esse
416 1847 566 1932 equidem
595 1849 742 1932 suspicor
772 1848 858 1931 quod
886 1850 1005 1932 legitur
1033 1852 1092 1918 suh
1120 1852 1310 1919 Aristoxeni

149 1954 279 2020 nomine
302 1951 472 2034 IV,174e:
506 1942 524 2013 ὅ
548 1952 662 2031 μέντοι
685 1940 754 2034 Ἀρ.
783 1954 1005 2036 προκρίνει
1032 1948 1075 2016 τὰ
1104 1949 1224 2018 ἐντατὰ
1253 1954 1310 2020 καλ

150 2049 316 2119 καθαπτὰ
344 2052 410 2114 τῶν
438 2042 587 2134 ὀργάνων
617 2052 683 2116 τῶν
713 2049 927 2134 ἐμπνευστῶν
955 2052 1024 2118 κτλ.
1071 2056 1152 2121 Item
1174 2057 1204 2141 I,
1221 2057 1308 2123 aab:

148 2147 303 2240 ’ὀρχήσεις
320 2148 356 2216 δὲ
372 2147 506 2216 ἐθνικαὶ
522 2149 612 2216 αἵδε·
635 2186 677 2198 -
700 2150 740 2228 ἃς
762 2158 981 2239 προκρίνει
1001 2147 1070 2241 Ἀρ.
1095 2153 1151 2220 διὰ
1165 2154 1226 2242 τὴν
1241 2158 1310 2223 τῶν

148 2257 269 2342 χειρῶν
295 2257 434 2340 κίνησιν.
480 2253 536 2320 Sic
565 2256 661 2321 etiam
686 2275 724 2321 ec
752 2256 793 2322 de
816 2275 879 2338 qno
907 2257 1033 2338 agimus
1062 2258 1134 2324 loco
1162 2262 1309 2342 gentium

151 2358 340 2425 saltationes
370 2362 613 2440 comparantur;
645 2357 684 2423 cf.
707 2364 876 2441 praeterea
898 2377 995 2443 supra
1015 2378 1047 2443 p.
1061 2357 1168 2425 631d:
1196 2362 1309 2443 βέλτι-

152 2478 228 2522 στοι
243 2449 275 2520 d’
292 2453 358 2520 εἰσὶ
374 2458 441 2519 τῶν
456 2454 593 2540 τρόπων
608 2457 675 2520 κτλ.
711 2458 818 2541 Atque
838 2459 935 2525 latius
958 2459 1056 2526 etiam
1078 2466 1190 2547 patere
1213 2461 1308 2532 huius

148 2559 259 2644 'operis
291 2557 431 2640 uestigia
465 2559 499 2621 in
532 2557 692 2641 capitibus
726 2559 777 2625 his
805 2559 994 2627 Aristocleis
1027 2564 1199 2645 suspiceris
1234 2566 1307 2631 ccli.

150 2682 182 2746 p.
199 2663 300 2726 6210:
333 2658 416 2746 φησί
447 2656 483 2722 δὲ
510 2652 528 2724 ὁ
551 2651 781 2744 Ἀριστόξενος
808 2656 867 2748 τὴν
894 2659 955 2743 μὲν
982 2661 1165 2748 ἱλαρῳδίαν
1194 2663 1308 2752 παρὰ

149 2760 210 2848 τὴν
225 2760 414 2847 τραγῳδίαν
431 2756 517 2826 εἶναι
531 2760 599 2826 κτλ.
623 2769 656 2830 et
676 2784 707 2850 p.
721 2762 827 2830 630d:
850 2757 921 2849 ἡδὲ
939 2763 1182 2853 γυμνοπαιδικὴ
1201 2791 1309 2854 τιαρ-

152 2862 339 2950 εμφερής
362 2860 434 2926 ἐστι
456 2865 497 2945 τῇ
518 2865 656 2948 τραγικῇ
678 2857 812 2949 ὀρχήσει
833 2865 900 2929 κτλ.
924 2868 975 2945 (cf.
992 2890 1023 2953 p.
1037 2868 1146 2937 6211)).

237 2965 287 3027 Ex
303 2961 417 3029 eodem
432 2962 592 3027 Aristocle
606 2963 793 3029 Aristoxeni
808 2966 1025 3032 testimoninm
1043 2971 1138 3033 etiam
1157 2970 1173 3032 Ι
1192 2990 1223 3050 p.
1238 2971 1308 3037 aab

151 3065 287 3148 petitum
310 3081 381 3128 esse
403 3062 542 3145 primum
570 3062 646 3128 inde
674 3064 742 3128 ueri
765 3070 814 3129 est
836 3065 958 3147 simile,
990 3066 1077 3146 quod
1105 3068 1203 3147 paulo
1231 3077 1308 3136 ante

151 3166 208 3231 ilie
241 3163 390 3230 laudatur
422 3163 463 3230 de
492 3151 648 3248 Aeschyli
680 3165 818 3247 quodam
852 3164 1014 3230 saltatore.
1066 3166 1157 3231 Idem
1191 3170 1308 3237 ceteris

153 3275 359 3286 ——Q

240 3334 264 3394 1)
282 3329 344 3384 Non
362 3331 452 3398 magni
469 3329 568 3384 faciam
581 3328 660 3398 quod,
679 3328 725 3398 qui
742 3329 823 3384 homo
836 3329 989 3386 Laconicus
1001 3330 1047 3385 hie
1058 3330 1143 3398 audit,
1161 3332 1308 3404 Pyrrichus

152 3412 226 3481 apud
248 3413 316 3466 Poll.
332 3413 448 3484 Hesych.
464 3413 552 3469 Schol.
572 3414 648 3468 Pind.
667 3413 696 3466 P.
712 3413 746 3480 11,
759 3418 805 3468 121
831 3414 901 3470 Mar.
918 3415 1040 3486 Plotdc
1057 3417 1150 3472 metris
1171 3434 1198 3483 p.
1211 3420 1307 3474 2624?

152 3503 194 3552 est
207 3495 352 3551 Cretensis.
380 3498 450 3551 Nam
462 3498 603 3554 Laconum
619 3499 750 3553 musicam
768 3499 878 3555 aOrcta
895 3500 984 3557 insula
1001 3501 1081 3566 initia,
1097 3505 1126 3557 et
1141 3503 1308 3560 incrementa

152 3581 258 3651 cepisse
280 3585 375 3634 notum
393 3586 448 3649 αις
476 3582 512 3637 cf.
531 3577 713 3638 Schcl.'Pind.
733 3585 767 3638 ad
785 3586 831 3640 11.
849 3615 883 3624 —
905 3585 1057 3654 Hesychius
1080 3588 1107 3640 et
1125 3587 1215 3643 Schol.
1229 3589 1306 3646 Pind.

151 3669 180 3723 in
198 3666 295 3736 qulbus
313 3667 494 3731 consentiunt,
512 3667 644 3736 Didymen
661 3683 793 3736 agnoscas
812 3671 873 3724 coll.
886 3670 974 3725 Procl.
987 3670 1121 3739 sp.Phot.
1148 3672 1246 3728 Pollux
1262 3677 1308 3731 uel

151 3754 209 3809 eins
222 3755 319 3808 auctor
329 3767 412 3806 unum
429 3752 608 3821 uerilcquium
625 3752 723 3820 eligere
740 3753 806 3808 satis
824 3753 933 3823 habuit3
951 3754 1036 3810 Iubae
1054 3771 1088 3810 ne
1106 3756 1230 3812 umbram
1247 3761 1307 3828 qui·

152 3837 212 3891 dem
226 3853 308 3894 cerno
326 3837 354 3892 in
372 3836 414 3892 his
431 3839 496 3902 (non
512 3836 576 3891 item
588 3835 685 3893 Rohde
702 3855 729 3907 p.
741 3842 793 3903 52).
811 3867 845 3878 -
863 3838 957 3893 Obiter
974 3837 1051 3893 iuuat
1068 3841 1204 3910 corrigere
1219 3844 1305 3902 schol.

152 3919 187 3973 ad
200 3920 266 3977 Luc.
277 3923 347 3978 Piso.
359 3925 405 3977 36:
425 3923 603 3992 πυρριχίζειν·
621 3920 691 3975 aldes
707 3919 842 3989 ὀρχήσεως
859 3919 875 3988 ἡ
894 3929 1009 3995 πυρρίχη
1025 3923 1166 3994 σύννομοι,
1184 3928 1230 3982 ubi
1248 3928 1306 3999 lege

152 4019 296 4060 GWTOWV.

238 4091 263 4154 2)
281 4089 322 4144 cf.
341 4090 417 4146 Suid.
436 4118 469 4139 ε
487 4090 533 4146 nt.
541 4091 580 4147 M.
599 4096 627 4146 ct
644 4093 821 4158 Pausanlll,
834 4098 872 4160 11,
884 4098 908 4148 9.
