2918 4748
179 307 229 364 De
244 307 369 365 fontibus
388 308 485 378 quibus
502 309 660 365 Athenaeus
677 310 706 363 in
723 309 805 365 rebus
823 326 891 366 mus.
911 312 960 380 lyr.
980 326 1068 366 enerr.
1086 327 1152 367 usus
1171 313 1215 369 sit.
1245 313 1303 372 137

150 482 244 565 νίκης
266 490 340 556 τοῖς
360 481 581 564 προτεροῦσιν
603 477 730 556 ἐντοῖς
753 471 878 564 άγιῦσιν
902 478 1074 569 ἐγράφετο.
1116 483 1306 569 Oppositum

150 586 223 647 urat
243 580 381 649 fortasse
403 577 574 666 ἐγκώμιον.

239 683 340 748 Porro
361 703 426 750 non
446 684 588 750 alienum
609 683 735 749 uidetur
758 684 799 751 de
822 687 868 751 eis
892 706 1021 769 quoque
1047 685 1306 756 distinctionibus

151 785 332 851 carminum
354 784 527 868 disserere,
557 804 640 867 quae
663 786 782 851 nonin
805 789 957 870 temporis
988 788 1173 856 definitione
1202 791 1305 856 nitun-

151 892 213 951 iur.
249 885 280 950 E
301 886 418 969 quibus
439 893 488 953 est
509 885 596 972 apud
616 887 763 953 Ammon.
786 878 887 969 ἐμνος
910 884 1070 971 ἐγκωμίου
1094 888 1263 977 διαφέρει·
1287 886 1304 956 ὁ

151 983 297 1072 μὲνγὰρ
325 977 428 1069 όμνος
457 985 528 1053 ἐστὶ
550 989 657 1068 θεῶν,
687 985 723 1053 τό
756 987 791 1053 δέ
820 987 979 1073 ἐγκώμιον
1008 982 1212 1075 ἀνθρώπων.
1257 993 1304 1058 of.

152 1089 258 1156 Prool.
275 1091 311 1154 8:
341 1086 389 1165 είς
410 1086 514 1165 θεοές
534 1088 594 1172 μὲν
618 1082 850 1177 ἀναφέρεσθαι
873 1081 991 1173 όμνον,
1020 1086 1205 1178 προσόδιον
1227 1094 1305 1173 κτλ,

154 1188 202 1267 εἷς
223 1188 261 1254 δέ
276 1181 480 1274 ἀνθρώπους
502 1188 656 1276 ἐγκώμια,
681 1189 827 1258 ἐπινίκια
849 1193 916 1259 κτλ.
942 1202 975 1260 et
996 1195 1093 1261 infra:
1118 1192 1306 1260 indicendi

151 1284 275 1374 όμνσυς
294 1289 445 1357 καθόλου
460 1290 572 1358 πάντα
586 1290 628 1358 τά
645 1291 692 1370 εἷς
707 1291 784 1371 τοὺς
805 1289 1034 1379 όπερέχοντ
1044 1322 1064 1360 α
1071 1319 1088 1371 ς
1109 1295 1305 1383 γραφόμενα

152 1395 212 1470 (εἰσ
224 1395 299 1478 lege
314 1414 373 1478 pro
387 1388 556 1482 ὑπηρέτας
579 1397 651 1463 οοΙΙ.
668 1395 775 1461 Orion.
791 1399 860 1479 155,
874 1399 943 1479 26);
968 1394 1050 1479 quse
1072 1404 1159 1463 recte
1181 1399 1305 1464 intelle·

153 1502 271 1581 guntur
297 1497 371 1563 coll.
392 1498 442 1563 Iit.
462 1497 504 1563 M.
525 1500 632 1581 777,9
662 1517 686 1563 s.
704 1518 733 1562 u.
756 1488 857 1579 όμνος
886 1505 917 1563 et
946 1497 1054 1564 Orion.
1073 1502 1147 1580 155,
1164 1501 1220 1581 22,
1250 1500 1305 1581 qui

153 1597 349 1681 copiosiores
378 1605 451 1665 sunt
480 1605 512 1665 et
540 1599 674 1665 laudant
703 1600 823 1665 fontem
852 1620 960 1666 suum:
994 1600 1170 1684 Didymum
1201 1596 1234 1664 ἐν
1256 1600 1305 1682 τῷ

153 1699 232 1782 περὶ
254 1698 394 1783 λυρικῶν
410 1701 571 1786 ποιητῶν.
609 1702 809 1768 Dissentiunt
830 1703 929 1785 igitur
943 1703 1131 1769 Ammonius
1156 1709 1188 1768 et
1202 1701 1304 1785 Didy-

152 1821 235 1884 mus,
257 1821 332 1867 nam
353 1803 410 1868 ille
433 1804 561 1869 omnino
585 1805 721 1870 secernit
742 1794 843 1885 ίμνον
860 1810 893 1870 et
907 1800 1067 1886 ἐγκώμιον
1086 1806 1174 1880 (item
1190 1803 1303 1869 Thom.

152 1902 239 1986 ling.
262 1923 287 1969 s.
303 1922 334 1969 u.
354 1904 491 1988 κιῦμος),
525 1902 578 1970 hic
605 1895 708 1985 όμνου
736 1905 866 1970 notione
893 1903 1080 1987 comprendi
1112 1906 1181 1968 uult
1208 1905 1305 1969 etiam

153 2000 300 2087 ἐγκώμια
331 2011 483 2088 tanquam
512 2007 639 2088 generis
669 2008 802 2089 species.
853 2005 1002 2072 Ceterum
1031 2004 1190 2087 Didymus
1225 2003 1305 2069 haee

154 2105 281 2173 uidetur
303 2109 502 2190 exposuisse,
526 2127 596 2173 cum
618 2106 660 2172 de
676 2108 805 2172 Pindari
830 2108 978 2192 epiniciis
1000 2108 1200 2189 loqueretur:
1228 2105 1304 2171 uide

153 2207 243 2273 Enst
258 2207 302 2273 ad
317 2209 411 2273 Dion.
427 2209 553 2291 Perieg.
571 2210 649 2272 1181
659 2229 706 2291 sq.
730 2206 801 2272 ’ἐστι
816 2205 878 2293 γὰρ
895 2199 980 2286 ότιό
998 2199 1099 2289 ὕμνος
1119 2210 1175 2271 καὶ
1195 2201 1305 2282 άλλως

152 2306 359 2392 λέγεταικαὶ
382 2301 419 2374 οὗ
442 2307 544 2391 μόνον
567 2307 624 2373 ἐπὶ
646 2311 732 2374 θεοῦ
755 2307 911 2374 ἐπαίνου·
940 2307 1113 2393 Πίνδαρος
1137 2307 1257 2391 (01.11,
1273 2310 1303 2384 1)

150 2411 230 2494 γοῦν
251 2406 329 2486 τοὺς
351 2407 470 2475 ἑαυτοῦ
493 2408 676 2489 ἐπινικίους
703 2401 824 2493 όμνους
853 2410 961 2476 καλεῖ·
990 2412 1045 2474 καί
1067 2407 1240 2490 Α’ίσχυλος
1262 2445 1303 2455 -

150 2514 207 2577 καί
221 2505 382 2588 Ἡσίοδος
404 2549 446 2559 -
466 2505 651 2599 Εὐριπίδης
667 2512 702 2578 δὲ
724 2549 765 2559 -
785 2514 884 2599 (Sept.
898 2518 926 2579 7.
950 2513 1033 2597 Opp.
1046 2516 1097 2578 66.
1120 2515 1187 2578 Ion.
1205 2517 1245 2588 6).
1262 2548 1302 2558 -

150 2612 198 2678 En
221 2613 323 2681 habes
345 2635 475 2698 prorsus
498 2617 636 2682 similem
658 2616 837 2682 dissensum
856 2623 952 2697 atque
968 2615 1054 2698 apud
1069 2614 1216 2679 Ammon.
1233 2635 1258 2679 s.
1271 2634 1301 2679 u.

151 2711 350 2801 ἐπικήδειος.

236 2817 410 2884 Praeterea
431 2838 495 2883 uon
517 2818 635 2883 nuliius
657 2816 752 2901 pretii
769 2815 862 2881 uobis
878 2816 938 2881 erit
953 2814 1100 2879 Ammon.
1116 2833 1185 2879 su.
1201 2816 1302 2877 κίθα-

151 2935 219 3003 ρις·
240 2922 378 3004 κίθαρις
399 2920 453 2983 καὶ
477 2916 605 3000 κιθάρα
628 2917 796 3004 διαφέρει,
824 2919 927 3004 φησὶν
955 2907 1177 3001 Ἀριστόξενος
1200 2910 1234 2978 ἐν
1255 2916 1304 2998 τῷ

149 3044 187 3085 π.
212 3012 354 3106 ὀργάνου
377 3023 461 3104 (lege
480 3013 640 3104 ὀργάνων)
664 3021 731 3084 κτλ.
768 3021 953 3087 Aristoxeni
975 3043 1012 3083 π.
1037 3010 1145 3082 αόλιῦν
1168 3019 1224 3086 καὶ
1246 3008 1303 3103 όρ-

149 3119 258 3206 γόνον
287 3143 368 3207 opus
396 3123 484 3208 apud
510 3123 584 3188 Ath.
605 3144 636 3207 p.
654 3123 754 3188 634d.
779 3126 898 3187 174οε.
924 3122 1011 3186 1824.
1037 3121 1127 3186 1846
1155 3120 1303 3186 laudatur

150 3231 247 3308 atque
275 3245 308 3309 p.
326 3229 413 3291 1740
442 3245 484 3290 ex
511 3225 684 3307 Aristocle,
718 3224 850 3305 reliquis
884 3224 963 3288 locis
990 3243 1032 3288 ex
1060 3222 1174 3287 ecdem
1203 3227 1302 3284 aute

150 3326 336 3412 Tryphone,
358 3347 390 3411 p.
408 3327 500 3391 634d
523 3346 540 3391 e
563 3327 714 3409 Didymo.
750 3324 836 3403 Quid
858 3325 886 3389 si
908 3322 961 3387 hic
985 3340 1111 3403 qnoque
1126 3321 1301 3387 Aristocles

150 3429 205 3494 uel
226 3427 360 3512 Trypho
383 3428 545 3494 Ammonii
566 3433 676 3493 auctor
698 3428 802 3510 fuerit,
826 3431 860 3491 ut
881 3445 906 3491 s.
922 3444 953 3489 u.
971 3418 1184 3505 ἐπικήδειοςθ

236 3531 385 3612 Denique
406 3531 479 3595 usui
500 3529 593 3594 nobis
615 3534 664 3593 est
684 3529 832 3593 Ammon.
856 3547 881 3592 s.
897 3547 927 3592 u.
943 3521 1081 3610 κόρδαξ·
1104 3520 1229 3609 κόρδαξ
1246 3524 1302 3587 καὶ

148 3628 275 3714 κάρδαξ
297 3629 451 3716 διαφέρει
472 3629 550 3695 κτλ·
572 3629 723 3695 καλεῖται
746 3628 782 3693 δέ
803 3623 822 3714 ἡ
847 3627 907 3711 μὲν
928 3622 1063 3713 τραγικὴ
1087 3618 1222 3710 όρχησις
1244 3620 1259 3684 ἐ
1284 3656 1301 3668 -

148 3732 276 3815 μέλεια,
301 3737 439 3810 σίκιννις
455 3727 524 3818 δέἡ
542 3729 709 3818 σατυρική,
732 3729 856 3815 κόρδαξ
877 3729 912 3795 δέ
934 3724 953 3815 ἡ
976 3723 1113 3810 κωμική.
1148 3725 1302 3788 Extrema

149 3836 191 3901 ab
206 3836 401 3902 Aristoxeno
422 3837 455 3900 in
471 3837 553 3902 libro
570 3859 606 3899 π.
622 3834 777 3919 τραγικῆς
792 3824 959 3916 ὀρχήσεως
981 3849 1051 3921 esse
1066 3824 1193 3909 prolata
1208 3821 1302 3889 docet

150 3936 479 4018 Bekk.Au.101,17;
502 3939 639 4019 repetita
653 3940 760 4000 eutem
782 3938 873 3999 erant
894 3931 936 3998 ab
951 3927 1111 3994 AristocIe
1130 3920 1163 3987 ἐν
1179 3920 1208 4009 ιγ’
1222 3925 1302 4008 περὶ

147 4040 271 4122 χορώνι
295 4035 369 4103 Ath.
385 4035 473 4118 XIV,
489 4036 579 4101 6361)
602 4037 674 4102 ccli.
691 4036 716 4118 I,
729 4039 798 4100 ide
820 4035 907 4113 (uide
922 4030 998 4096 diss.
1014 4031 1111 4093 nostr.
1134 4046 1165 4109 p.
1179 4028 1219 4090 36
1229 4031 1299 4111 sq.).
