2918 4748
188 349 232 404 De
248 347 372 404 fontibus
391 348 489 417 quibus
508 349 663 404 Athenaeus
681 349 710 403 in
727 350 809 405 rebus
827 367 894 407 mus.
913 352 962 421 lyr.
982 366 1069 408 enarr.
1088 369 1153 409 usus
1171 355 1215 409 sit.
1247 357 1307 416 129

153 522 226 587 illas
243 540 387 587 seorsum
399 526 563 586 enumeret
577 520 689 586 addita
703 523 904 588 memorabili
919 523 1100 606 magadidis
1113 524 1307 594 definitione.

155 658 196 668 -
219 621 312 701 Quae
335 629 493 703 secuntur,
517 641 600 687 nunc
622 642 686 687 non
709 642 866 689 curamus.

239 724 359 789 Contra
375 743 457 806 quae
473 725 506 788 in
522 724 628 807 capite
644 726 684 788 36
699 724 858 807 leguntur,
881 745 1076 809 quemquam
1091 728 1306 811 Euphorionis

153 833 187 892 et
213 826 399 892 Aristoxeni
428 826 528 891 uerba
555 825 703 910 pleniore
732 825 939 910 exhihentur,
968 829 1056 894 nullo
1085 830 1149 895 alic
1178 831 1306 898 uinculo

152 929 235 993 inter
250 945 287 993 se
303 927 473 993 coniuncta
493 931 566 992 sunt
588 928 650 992 nisi
673 927 759 1009 quod
783 930 891 993 omnia
912 928 956 994 ed
977 930 1129 1012 megedin
1151 938 1305 1015 spectant.

151 1029 327 1095 Praeterea
356 1047 397 1093 ex
425 1034 517 1110 parte
547 1029 664 1094 misere
691 1030 818 1095 turbata
847 1037 935 1113 sunt,
966 1050 1048 1113 quae
1075 1032 1159 1097 infre
1186 1035 1306 1116 optime

151 1130 312 1214 disposita
334 1127 500 1194 habemus.
545 1129 624 1195 Loci
646 1129 809 1196 Pindarici
832 1132 1007 1216 explicatio
1037 1135 1091 1206 (ex
1112 1133 1305 1201 Aristoxeno

151 1232 269 1316 petita)
280 1231 410 1296 omnino
426 1231 573 1313 intellegi
588 1232 699 1312 nequit
713 1231 774 1297 nisi
789 1233 822 1296 in
833 1233 990 1298 auxilium
1005 1239 1120 1300 uocato
1132 1235 1239 1318 capite
1252 1239 1305 1320 37;

152 1332 305 1399 Phillidis
323 1333 433 1415 uerba,
457 1333 573 1415 quibus
592 1332 744 1414 megedin
760 1332 921 1414 describit,
944 1332 997 1398 hic
1020 1353 1146 1399 annexa
1168 1343 1248 1417 sunt,
1271 1344 1307 1403 ut

153 1436 318 1520 explicent
340 1453 454 1500 uocem
478 1425 720 1519 dvclpdoyyoffi
750 1454 846 1516 quam
874 1454 1003 1518 prorsus
1032 1435 1126 1500 aliter
1147 1438 1305 1520 accipien-

151 1535 229 1602 dam
247 1556 318 1602 esse
334 1536 428 1601 docet
449 1540 545 1620 ceput
562 1537 611 1600 37.
649 1536 798 1619 Denique
819 1536 961 1618 ineptum
983 1536 1068 1601 istud
1092 1533 1211 1621 διόπερ
1233 1546 1307 1621 post

151 1636 234 1702 illud
250 1634 302 1701 διό
319 1642 429 1722 aperte
451 1637 560 1720 prodit
581 1638 700 1702 malam
723 1637 991 1718 compilationem.
1014 1670 1056 1681 —
1077 1637 1180 1703 Paulo
1202 1641 1306 1722 magis

150 1745 301 1804 accurate
334 1759 372 1804 ac
405 1739 510 1804 minus
542 1738 712 1805 obscurato
747 1738 881 1804 consilio
915 1745 1068 1823 excerpta
1099 1746 1188 1823 sunt,
1222 1761 1305 1822 quac

149 1839 208 1922 IV,
220 1842 279 1904 182
295 1839 337 1906 de
351 1839 525 1922 magedide
539 1845 707 1905 narrantur
723 1859 764 1905 ex
776 1838 900 1905 eisdem
914 1840 1097 1905 auctoribus
1111 1841 1141 1917 ¹).
1175 1841 1304 1925 Eupho·

150 1942 252 2006 rionis
275 1942 365 2006 locus
387 1959 429 2004 ne
451 1939 506 2004 hic
529 1940 657 2022 quidem
678 1941 756 2007 satis
779 1941 893 2025 plenus
916 1939 974 2006 sed
997 1959 1038 2005 ex
1060 1947 1151 2023 perte
1180 1942 1305 2024 plenior

151 2061 251 2124 quam
281 2041 406 2106 duobus
435 2040 567 2121 reliquis
595 2040 683 2105 locis.
733 2043 770 2107 ln
796 2041 982 2108 Aristoxeni
1010 2042 1118 2108 uerbis
1147 2038 1305 2123 ἰαμβῦκαι

151 2144 295 2208 omissae
317 2147 390 2207 sunt
412 2159 475 2206 non
497 2140 560 2206 nisi
582 2140 705 2207 librarii
728 2162 842 2208 errore.

240 2244 352 2326 Itaque
380 2242 449 2308 siue
470 2241 631 2326 Didymus
661 2250 709 2309 est
738 2245 807 2309 siue
835 2245 931 2329 alius,
962 2246 1012 2311 cui
1040 2244 1197 2310 debentur
1224 2245 1305 2313 haec

150 2344 339 2408 Aristoxeni
360 2343 564 2410 Menaechmi
585 2344 802 2428 Euphorionis
824 2345 1003 2428 fragmenta
1010 2395 1018 2430 ,
1042 2346 1150 2430 capite
1168 2349 1207 2410 37
1221 2353 1253 2412 et
1264 2349 1304 2411 38

149 2445 225 2510 libri
246 2445 324 2509 XIV
347 2451 403 2511 aut
424 2446 496 2530 ipsa
519 2445 673 2511 exhibent
695 2447 764 2512 eins
787 2447 887 2513 uerba
908 2452 963 2513 aut
985 2453 1071 2514 certe
1093 2447 1240 2530 proxime
1262 2447 1305 2514 ad

152 2566 190 2611 ea
212 2545 386 2630 accedunt;
417 2552 527 2612 contre
548 2547 602 2630 IV,
617 2549 677 2611 182
701 2554 733 2613 et
753 2547 840 2630 XIV,
857 2550 1088 2616 osse—6350
1118 2569 1158 2615 ex
1190 2550 1305 2616 eodem

152 2653 280 2713 auctore
301 2647 450 2731 neglecto
477 2645 531 2713 hic
560 2649 663 2730 magis
692 2649 759 2713 illic
787 2651 892 2714 minus
921 2651 1151 2713 sententiarum
1180 2670 1305 2716 conexu

152 2750 235 2815 male
257 2755 411 2832 excerpta
433 2754 514 2814 sunt.
559 2747 658 2812 Plura
679 2749 720 2811 de
743 2746 794 2812 his
817 2747 908 2811 inira.

236 2850 384 2917 Tandem
406 2869 484 2915 uero
507 2849 693 2932 priusquam
715 2846 968 2932 progrediamur,
992 2847 1034 2914 dc
1054 2846 1187 2932 Didymi
1210 2840 1305 2914 ἀντε-

154 2947 325 3037 §cyriacum
350 2949 523 3018 dicendum
545 2953 602 3015 est.
646 2948 811 3016 Laudatur
832 2950 917 3014 enim
946 2970 977 3033 p.
995 2953 1084 3016 6340
1112 2947 1263 3033 Δίδυμος
1285 2945 1302 3017 ὁ

153 3047 379 3134 γραμματικὸς
402 3048 436 3116 ἐν
458 3062 533 3125 ταῖς
555 3046 642 3135 πρὸς
656 3043 757 3115 Ἴωνα
780 3041 1043 3137 ἆντεξηγήσεσιν.
1087 3051 1230 3118 offendit
1251 3053 1305 3122 hic

153 3151 237 3234 πρός
265 3154 480 3238 praepositio,
512 3153 631 3236 quippe
654 3173 737 3235 quae
759 3158 898 3235 nequeat
924 3153 1105 3236 significare
1129 3155 1304 3237 quidquam

153 3256 214 3321 nisi
240 3245 392 3322 ‘contre’.
436 3254 520 3320 Nem
542 3254 692 3321 Meinelxe
715 3254 801 3337 quod
824 3273 862 3319 eo
885 3254 1043 3336 confugit,
1071 3259 1106 3318 ut
1128 3254 1303 3334 Didymum

153 3356 238 3424 Ionis
261 3357 390 3423 dicendi
412 3377 513 3440 genus
536 3357 776 3440 impugnauisse
805 3360 924 3438 sumat,
954 3374 1149 3436 quamquam
1177 3360 1305 3438 practer

154 3456 294 3541 Hesych.
318 3478 343 3524 s.
359 3478 388 3522 u.
413 3457 535 3523 σπῖλον
557 3454 774 3540 Παρνάσσιον
803 3457 900 3522 etiem
923 3453 997 3521 Ath.
1019 3455 1068 3519 XI
1089 3477 1121 3541 p.
1139 3455 1229 3521 4681}
1257 3457 1304 3523 uti

154 3562 280 3638 poterat
301 3556 344 3622 ad
366 3555 650 3624 commendandam
672 3557 887 3623 coniecturam
908 3575 1014 3639 suam,
1036 3563 1145 3624 tamen
1169 3549 1303 3640 ἀντεξη-

241 3745 265 3804 1)
282 3739 353 3794 Nem
370 3738 443 3806 quod
461 3738 599 3804 catalogus
616 3735 662 3789 ills
679 3751 841 3804 organorum
863 3753 918 3791 non
935 3737 1056 3793 Phillidis
1080 3738 1128 3792 sed
1145 3735 1304 3791 Aristoxeni

154 3822 262 3878 nornine
278 3822 425 3891 profertur,
442 3821 634 3876 Aristoxenum
645 3819 760 3874 Phillide
771 3835 851 3874 nsum
863 3836 922 3874 esse
935 3822 1094 3876 sumendum
1111 3825 1166 3886 θεῖς
1184 3819 1207 3871 si
1225 3821 1303 3875 modo

154 3906 222 3960 fides
241 3904 367 3961 habenda
384 3905 593 3958 enumerationis
612 3903 699 3958 ordini
717 3903 790 3970 apud
806 3903 945 3959 Censorio.
960 3906 994 3960 de
1006 3919 1076 3958 mus.
1089 3903 1136 3955 GL
1150 3901 1188 3956 VI
1206 3917 1232 3969 p.
1243 3906 1291 3957 607

153 3985 212 4044 ‘hos
230 3992 317 4046 secuti
335 3989 430 4044 musici
448 3988 604 4042 Timotheus
622 3994 649 4043 et
666 3987 793 4057 Polyidos
811 3991 839 4042 et
855 3988 1004 4059 Hyperides
1016 3989 1049 4052 (l)
1067 3993 1094 4040 et
1112 3986 1207 4042 Phillis
1225 3991 1253 4042 et
1270 4019 1304 4028 -

155 4071 356 4131 Aristoxenus'.
390 4070 574 4144 Ἀριστόξενος
590 4077 636 4124 καὶ
654 4069 747 4125 Φίλλις
764 4072 854 4128 Schol.
865 4074 933 4128 Plat.
945 4073 1025 4139 Gorg.
1035 4071 1124 4126 larii.

205 4169 324 4220 hsipalger
337 4168 436 4210 Studien.
460 4167 517 4208 VIII.
1084 4161 1099 4210 9
