2918 4748
184 341 228 397 De
245 340 370 398 lontibus
387 341 485 411 quihus
502 341 663 398 Athenaeus
680 342 708 397 in
725 343 807 398 rebus
824 359 894 400 mus.
911 345 961 415 lyr.
981 359 1068 400 enarr.
1088 361 1154 401 usus
1172 347 1215 403 sit.
1246 348 1304 405 141

149 511 253 591 νίζειν
282 515 479 598 etymologia
505 535 577 581 cum
598 514 685 598 apud
708 515 872 582 Pollucem
903 536 1030 598 quoque
1060 523 1180 601 exstet,
1211 538 1304 601 quem

150 617 317 682 Atticistas
340 616 502 698 expilasse
529 635 634 699 neque
663 622 772 682 notum
802 637 906 700 neque
935 618 1103 701 probabile
1131 624 1195 703 est,
1226 622 1306 685 anti-

150 717 256 800 quiori
277 718 486 800 grammatico
509 717 679 783 tribuenda
697 724 755 801 est,
778 718 948 803 Tryphoni
964 718 1036 785 dieo
1052 721 1106 785 uel
1122 721 1262 802 Didymo
1275 724 1307 800 ¹).

152 818 313 903 Implicite
335 819 418 884 inest
441 818 555 884 eadem
578 819 611 883 in
632 818 793 885 Athenaei
816 820 938 903 uerbis,
968 840 1043 884 nam
1065 821 1107 886 ad
1130 821 1211 887 illud
1236 813 1304 886 άπὸ

150 920 210 1003 τῆς
238 915 392 1005 ἀφέσεως
422 920 673 1003 intellegendum
698 927 745 987 est
769 923 954 1006 φενακικῆς.
978 959 1019 966 -
1042 923 1122 989 Utut
1148 944 1225 990 uero
1249 932 1305 1008 est,

152 1021 251 1087 artior
281 1023 364 1087 inter
385 1021 588 1087 Athenaeum
612 1029 644 1088 et
666 1022 831 1088 Pollucem
857 1023 1061 1089 necessitudo
1091 1030 1123 1089 et
1152 1045 1192 1089 ex
1222 1047 1306 1092 com-

150 1124 240 1188 muni
261 1124 437 1190 inuentoris
459 1125 621 1189 mentione
644 1124 773 1190 atinde
796 1131 945 1209 apparet,
970 1124 1056 1207 quod
1078 1131 1212 1209 uterque
1235 1147 1307 1193 cum

153 1216 316 1307 ἁρπάζειν
337 1224 390 1289 uel
413 1217 587 1307 άρπαστάν
605 1244 685 1290 uoce
703 1227 867 1309 coniungit
889 1226 970 1290 illud
993 1224 1165 1310 φαινίνδα.
1203 1228 1305 1294 Simul

151 1325 251 1391 artius
280 1324 453 1392 cohaerent
473 1325 549 1391 Ath.
574 1332 605 1390 et
627 1327 676 1390 Et.
699 1327 740 1390 M.
786 1326 892 1403 Quare
922 1327 1054 1410 Didymi
1085 1330 1224 1412 uestigia
1254 1331 1307 1397 hic

153 1426 240 1511 apud
262 1425 465 1494 Athenaeum
488 1447 618 1493 cernere
642 1427 722 1491 mihi
744 1427 867 1493 uideor.
1335 1510 1339 1516 ¹

236 1527 328 1594 Haec
345 1547 427 1611 quae
443 1529 484 1594 de
500 1529 584 1594 ludis
598 1528 723 1611 pilariis
745 1533 921 1611 narrantur,
943 1533 1074 1611 putares
1097 1528 1213 1596 hausta
1235 1550 1306 1599 esse

152 1648 194 1694 ex
217 1648 314 1712 opere
336 1630 444 1712 aliquo
467 1629 545 1713 περί
568 1628 711 1704 παιδιᾶς
733 1630 896 1714 inscripto,
920 1630 1015 1713 quale
1039 1629 1211 1698 Suetonius
1233 1653 1306 1699 con·

152 1729 288 1796 diderat.
330 1731 395 1796 Sed
419 1732 523 1798 obstat
546 1731 632 1814 quod
656 1729 871 1816 σφαιριστική
895 1752 946 1797 ars
969 1731 1022 1798 hic
1045 1735 1137 1815 quasi
1159 1754 1235 1817 pars
1258 1755 1306 1800 or·

150 1831 314 1898 ohestieae
336 1838 498 1915 tractatur,
521 1837 555 1896 ut
577 1834 619 1898 ab
641 1833 706 1900 illis
730 1833 907 1916 capitibus,
932 1834 1046 1915 quibus
1070 1834 1111 1898 de
1134 1836 1304 1902 saltatione

151 1933 273 2016 agitur,
303 1933 445 2016 separari
477 1932 557 1998 haec
579 1939 747 2015 nequeant.
794 1932 877 1998 Vide
907 1934 1054 2015 inprimis
1077 1953 1147 2016 cap.
1164 1937 1203 1997 25
1227 1937 1305 2018 init,

155 2055 226 2118 cap.
242 2037 281 2098 27
298 2035 366 2100 init.

236 2135 326 2200 Mimi
354 2131 478 2199 πλάνοι
502 2137 759 2216 θαυματοποιοί
791 2155 854 2218 quo
884 2155 925 2202 ex
954 2136 1040 2202 tonte
1069 2144 1305 2222 recenseantur,

152 2235 395 2302 diiudicandum
425 2242 474 2301 est
503 2236 630 2302 collatis
663 2236 738 2300 libri
760 2237 838 2300 XIV
860 2256 952 2320 capp.
970 2239 1077 2318 2-6,
1112 2238 1168 2302 ubi
1199 2258 1306 2305 rursus

151 2336 377 2420 γελωτοποιοί
407 2334 532 2401 πλάνοι
565 2338 622 2402 alii
651 2337 683 2401 id
716 2357 817 2420 genus
850 2336 989 2403 artifices
1020 2344 1242 2403 enumerantur
1276 2345 1307 2404 et

151 2439 287 2505 redeunt
316 2439 496 2522 complura,
527 2458 610 2521 quae
638 2440 671 2503 in
700 2439 758 2503 l.I
786 2446 1035 2505 commemorata
1065 2445 1163 2505 erant.
1214 2440 1306 2508 Hane

151 2542 318 2607 materiam
333 2561 403 2605 oum
420 2541 550 2607 musicis
567 2543 724 2626 capitibus
740 2562 804 2607 non
821 2561 897 2607 casu
913 2543 1115 2608 coniunctam
1137 2562 1209 2608 esse
1231 2543 1306 2609 inde

152 2643 334 2724 concludas²
359 2643 444 2725 quod
460 2648 493 2707 ct
507 2650 642 2722 utroque
664 2645 735 2707 looo
758 2643 824 2706 illis
847 2642 1004 2707 adhaeret
1013 2645 1037 2717 ²)
1061 2648 1092 2708 et
1108 2645 1248 2708 maxime
1263 2644 1307 2710 ad

153 2744 333 2809 scaenicam
349 2745 507 2806 actionem
523 2747 656 2820 spectat.
687 2741 814 2804 Similia
829 2745 902 2804 sunt
917 2759 999 2821 quae
1016 2741 1094 2804 XIV
1110 2745 1305 2826 oap.13sqq.

153 2848 355 2924 exponuntur
378 2841 419 2904 de
443 2836 630 2923 ἱλαρῳὸοῐς,
655 2838 882 2918 ὂεικελισταῖς,
907 2831 1179 2922 αὖτοκαβδάλοις.
1226 2842 1307 2909 (lum

152 2943 216 3023 eis,
241 2960 324 3022 quae
346 2960 377 3023 p.
392 2941 509 3023 lsfsq.
534 2961 575 3007 ex
597 2941 790 3008 Aristoxeno
813 2941 985 3007 laudantur
1007 2942 1049 3007 de
1070 2942 1196 3009 liudico
1219 2943 1306 3012 Stra·

152 3048 228 3107 tone
252 3039 399 3125 Oenone,
424 3062 576 3127 compara
598 3043 676 3108 XIV
698 3064 729 3128 p.
748 3043 856 3109 638b:
883 3035 1111 3127 Ἀριστόξενος
1135 3042 1171 3108 δέ
1193 3066 1305 3134 φησιν,

153 3135 267 3228 ὥσπερ
290 3145 356 3207 auda
378 3141 565 3228 ἑξαμέτρων
587 3144 675 3220 τινὲς
702 3141 761 3210 ἐπὶ
783 3142 820 3208 τὸ
844 3144 973 3228 γελοῖον
995 3145 1172 3230 παρῳδίας
1201 3141 1304 3229 εὖρον,

153 3237 239 3308 οὕτω
261 3243 316 3309 καὶ
338 3248 396 3330 τῆς
417 3244 628 3330 κιθαρῳδίας
650 3247 785 3333 πρῶτος
813 3243 973 3322 Οἰνιάπας
1001 3250 1130 3323 (nomen
1152 3248 1305 3314 alterutro

153 3347 224 3413 loco
248 3350 442 3430 corruptum)
474 3354 507 3412 et
529 3347 603 3413 uide
626 3354 723 3414 nostr.
741 3348 817 3414 diss.
840 3347 956 3431 capitis
971 3347 1019 3411 HI
1041 3346 1147 3412 finem.
1192 3348 1305 3432 Neque

153 3447 302 3513 uidentur
317 3446 397 3513 haec
413 3450 598 3532 spectacula
612 3449 753 3516 defuisse
768 3468 796 3515 e.
810 3470 841 3533 g.
857 3449 891 3514 in
905 3449 982 3514 Ruf
985 3449 997 3512 i
1015 3449 1139 3515 musica
1153 3448 1305 3535 historia3

153 3548 186 3634 in
214 3569 278 3631 qua
305 3549 460 3632 agebatur
488 3552 568 3631 περί
596 3572 633 3612 τε
660 3541 828 3636 ὀρχηστῶν
858 3549 914 3614 καὶ
941 3550 1008 3614 ταῖν
1037 3542 1147 3615 ditor
1175 3547 1209 3615 ἓν
1235 3562 1306 3626 τοῖς

151 3643 352 3735 Ἑλληνικοῖς
374 3647 534 3734 θεάτροις
558 3642 817 3734 ἀγωνιζομένων.

241 3904 264 3964 1)
281 3898 424 3967 Didymum
437 3899 609 3968 compilatum
621 3898 665 3952 hic
678 3913 737 3953 esse
751 3914 769 3954 a
781 3899 893 3955 Polluce
911 3901 992 3955 etiam
1003 3901 1105 3969 Freyer
1122 3901 1218 3956 statuit
1230 3901 1304 3956 Stud.

153 3983 263 4052 Lips.V
281 3999 307 4052 p.
319 3985 376 4037 358.

240 4072 266 4132 2)
283 4067 305 4133 Ι,
315 4069 349 4120 34
368 4066 442 4121 ducit
460 4081 554 4135 agmen
572 4066 745 4136 σφαιριστὴςλ
