2918 4748
188 349 231 405 De
248 347 369 404 sontibus
386 348 484 418 quibus
501 347 659 403 Athenaeus
677 347 706 402 in
724 346 806 403 rebus
824 362 893 403 mus.
913 347 963 418 lyr.
982 361 1072 403 enarr.
1091 362 1158 404 usus
1176 347 1219 404 sit.
1249 338 1309 408 10?

147 528 253 606 utque
276 519 469 604 colligendo,
492 518 686 587 Aristoclem
706 518 748 584 ab
770 518 842 606 ipso
866 520 1013 605 sophista
1028 527 1217 605 excerptum
1240 538 1312 588 esse

149 623 274 706 credor
294 624 391 688 immo
406 622 439 686 in
454 623 610 706 scriptore
632 627 698 687 tam
720 626 847 689 uetusto
871 622 1066 706 optimisque
1088 629 1121 689 et
1140 623 1312 689 uberrimis

154 723 298 790 fontibus
312 743 381 806 uso,
405 723 495 790 cuius
510 723 585 788 libri
600 723 670 789 siue
686 721 785 788 dubio
807 725 982 790 maximam
1003 730 1128 810 partem
1150 726 1183 790 iu
1205 729 1313 809 poste·

155 827 278 892 riorum
305 825 548 908 compilationes
575 825 699 910 recepti
729 832 835 909 erant,
871 826 1068 893 confidenter
1101 826 1163 894 hoc
1191 844 1312 910 negare

153 927 264 992 nullus
286 925 408 992 dubito.
432 960 472 972 -
496 925 562 992 Sed
583 927 771 1011 priusquam
793 925 834 993 de
856 935 987 994 auctore
1013 929 1070 994 illc
1092 929 1215 995 musico
1238 948 1312 994 ccu-

156 1030 314 1094 ieeturam
335 1046 562 1112 proponamus,
588 1029 709 1094 multae
732 1029 937 1111 quaestiones
960 1029 1023 1096 huc
1044 1031 1240 1114 pertinentes
1263 1048 1313 1095 re·

155 1135 244 1196 stant
264 1129 358 1196 nobis
381 1130 596 1197 instituendae
619 1135 651 1197 et
674 1131 701 1196 si
724 1128 774 1196 dis
795 1132 903 1215 placet
922 1130 1107 1198 soluendae.

638 1362 841 1377 —-.—-——

636 1549 761 1627 Onnum
788 1553 839 1626 II.

557 1703 626 1780 De
655 1702 904 1804 Tryphone.

246 1871 336 1938 Suid.
360 1892 385 1939 s.
401 1893 431 1938 u.
455 1872 615 1961 Τρύφων·
643 1867 834 1957 Ἀμμωνίου
862 1864 1096 1958 Ἀλεξανδρεὺς
1127 1885 1316 1958 γραμματιὲ

157 1967 217 2048 κὸς
239 1972 295 2036 καὶ
317 1969 461 2058 ποιητὴς
490 1972 631 2057 γεγονώς
659 1972 743 2040 κατὰ
765 1971 844 2051 rode
864 1966 1065 2058 Αὐγούστου
1091 1971 1231 2059 χρόνους
1258 1971 1316 2036 καὶ

158 2071 337 2158 πρότερον.

155 2242 159 2255 ι
247 2174 296 2239 Id.
319 2194 344 2240 s.
360 2195 390 2240 u.
413 2173 579 2258 Δίδυμος·
608 2174 750 2261 γεγονώς
773 2175 831 2245 ἐπὶ
851 2181 1037 2264 Κικέρωνος
1059 2178 1114 2242 καὶ
1135 2167 1317 2242 Ἀντωνίου

152 2275 221 2371 *καὶ
243 2272 305 2350 ἕως
326 2267 536 2361 Αὐγούστου.

248 2377 332 2443 Hinc
354 2378 563 2464 Tryphonem
586 2382 758 2449 concludas
780 2383 877 2466 paulo
900 2384 1110 2466 posteriorem
1137 2381 1235 2447 fuisse
1258 2379 1318 2445 Di·

161 2482 272 2568 dymo.
312 2481 465 2549 Eiusdem
489 2483 682 2569 discipulum
706 2503 779 2549 eum
800 2484 877 2550 fecit
899 2483 1045 2567 Lehrs1),
1069 2503 1165 2567 quem
1188 2488 1317 2549 secutus

163 2592 213 2652 est
227 2585 269 2650 M.
282 2583 429 2651 Schmidt
443 2585 544 2668 praei.
561 2585 635 2651 Did.
652 2607 683 2670 p.
697 2586 727 2670 6,
750 2585 967 2653 seductorum
983 2605 1077 2651 nemo
1094 2584 1236 2651 tradidit.
1273 2586 1318 2648 At

163 2686 297 2771 Trypho
320 2687 348 2754 si
370 2682 430 2752 fuit
451 2687 615 2753 Ammonii
636 2684 834 2752 Aristarchei
862 2706 919 2752 seu
941 2687 1025 2750 filius
1048 2706 1105 2751 seu
1128 2685 1317 2769 discipulus,

164 2789 220 2870 qui
242 2793 349 2872 potest
369 2785 515 2854 floruisse
537 2786 595 2852 sub
612 2785 749 2867 Augusti
770 2784 932 2867 imperio?
969 2784 1096 2849 Etenim
1111 2781 1318 2848 Aristarchus

163 2889 297 2955 moritur
320 2887 561 2971 costocus,
592 2887 654 2953 nisi
685 2887 783 2953 etiam
810 2887 899 2972 prius
928 2885 1017 2965 (uide
1037 2885 1079 2950 M.
1103 2882 1318 2952 Schmidtium

164 2991 198 3055 in
214 2988 333 3056 Philol.
356 2990 420 3056 uol.
432 2990 495 3056 VII
515 3011 546 3076 p.
561 2990 644 3068 368).
679 2987 786 3067 Quare
808 2994 864 3056 aut
885 2990 968 3055 alius
987 2995 1036 3055 est
1049 2988 1238 3054 Ammonius
1261 2987 1318 3052 ille

164 3091 350 3177 Tryphonis
372 3126 414 3136 -
436 3099 492 3158 aut
505 3092 694 3157 Ammonius
709 3090 933 3157 Aristarcheus
948 3112 1013 3157 non
1027 3091 1149 3176 primus
1171 3090 1231 3157 fuir
1246 3089 1318 3155 Ari-

165 3193 287 3261 starchi
308 3213 482 3276 successor,
506 3213 588 3276 quee
611 3193 752 3276 suspicIo
774 3191 917 3256 firmatur
941 3193 1013 3257 coll.
1037 3190 1128 3257 Suid.
1149 3211 1173 3257 s.
1189 3210 1220 3253 u.
1237 3181 1320 3268 Ἀμ-

166 3293 308 3376 μώνιος·
332 3287 520 3377 Ἀμμωνίου
534 3285 777 3378 Ἀλεξανδρεύς,
800 3289 838 3368 ὃς
859 3292 915 3357 καὶ
931 3288 1101 3366 διεδέξατο
1123 3287 1183 3374 τὴν
1199 3285 1320 3373 σχολὴν

166 3399 227 3461 τοῦ
240 3389 457 3482 Ἀριστάρχου
475 3392 618 3482 ruodrud
639 3397 847 3481 μοναρχῇσαι
869 3390 927 3458 τὸν
941 3384 1150 3475 Αὔγουστον.
1186 3391 1320 3459 Frustra

168 3498 263 3564 huius
285 3499 350 3564 loci
368 3496 590 3564 difficultatem
611 3498 706 3564 aliter
728 3497 882 3582 expedire
905 3494 1026 3562 studuit
1048 3495 1083 3559 ld.
1099 3493 1216 3561 Rohde
1236 3493 1318 3559 Mus.

168 3599 272 3666 Rheu.
295 3601 358 3666 ucI.
374 3600 521 3664 XXXIII
542 3601 655 3684 pree.
695 3600 780 3667 Nam
801 3600 864 3666 ista
885 3598 1000 3665 aetatis
1022 3596 1166 3664 definitio
1189 3614 1320 3679 prorsus

167 3701 309 3769 absurda
326 3707 356 3767 et
370 3702 459 3768 nulla
481 3707 575 3784 esset,
598 3702 626 3767 si
649 3701 783 3766 multum
805 3701 919 3767 liceret
938 3699 1090 3766 recedere
1112 3699 1154 3764 ab
1177 3715 1260 3761 anno
1278 3697 1316 3758 31

169 3825 198 3870 a.
215 3803 289 3870 chr.
333 3800 424 3869 Idem
446 3822 477 3886 p.
494 3805 556 3866 218
579 3801 786 3886 Tryphonem
808 3803 905 3868 sumit
926 3802 1048 3867 uixisse
1071 3798 1320 3865 circa120—50

168 3925 198 3970 a.
213 3903 247 3970 O.
265 3904 451 3988 (Didymum
467 3925 493 3971 c.
507 3906 633 3987 80-1),
656 3903 691 3968 id
705 3902 792 3986 quod
807 3923 879 3969 cum
895 3902 1016 3968 Suidae
1032 3899 1215 3966 testimonio
1229 3900 1321 3967 nullo

171 4147 180 4155 ..
257 4094 281 4154 1)
299 4087 341 4142 De
353 4086 436 4142 Arist.
447 4087 518 4142 stud.
528 4087 597 4142 hom.
615 4103 642 4156 p.
654 4091 701 4141 341
713 4089 771 4144 not.
