2918 4748
114 360 157 416 De
174 359 296 424 fontibus
314 360 412 430 quihus
429 359 586 417 Athenaeus
603 360 632 416 in
646 360 728 417 rebus
746 376 814 418 mus.
832 362 883 432 lyr.
901 376 990 420 enarr.
1008 378 1076 420 usus
1093 365 1136 420 sit.
1173 367 1214 427 97

55 534 194 600 stoclem
215 533 304 617 apud
324 531 400 598 Ath.
416 533 442 616 I,
458 532 529 598 aod
550 531 731 599 adhibitum
754 551 825 599 esse
847 534 960 616 nequit
980 538 1103 619 negari.
1147 537 1215 605 Sed

59 653 144 717 quae
173 633 214 700 de
241 633 392 717 Bathyllo
415 631 604 717 Pyladeque
632 634 837 700 saltatoribus
864 641 1033 702 narrantur
1060 636 1120 704 suh
1142 638 1214 704 Ari·

56 735 177 801 stonici
197 736 341 818 nomine,
371 734 540 801 Aristoelis
563 754 635 802 esse
657 741 892 819 conpensant,
922 736 950 802 si
972 737 1105 819 quidem
1126 745 1214 807 reete

57 835 102 901 de
125 836 320 920 temporibus
343 837 412 903 eius
434 837 619 920 statuimus;
641 856 717 903 nam
731 835 780 901 illi
793 835 931 920 Augusti
954 837 1084 904 demum
1106 845 1213 908 aetate

57 934 239 1003 doruemnt.
274 938 391 1003 Totum
413 941 521 1004 autem
542 936 604 1004 hoc
618 936 779 1004 Athenaei
802 944 898 1021 eaput
915 941 953 1002 37
977 958 1019 1005 ex
1041 959 1105 1006 nno
1127 942 1211 1008 libro

57 1036 263 1123 desumptum
286 1057 357 1106 esse
379 1039 533 1107 discimus
561 1040 633 1106 coll.
655 1040 739 1105 Plut.
756 1038 868 1124 Sy'mp.
884 1037 922 1117 Q.
938 1039 1009 1125 VH,
1026 1042 1063 1125 83
1089 1043 1144 1109 ubi
1171 1043 1213 1110 de

58 1139 192 1222 Pyladis
215 1138 423 1224 Bathyllique
446 1141 617 1206 saltatione
638 1139 706 1207 fere
736 1140 851 1207 eadem
879 1146 976 1224 atque
1004 1143 1121 1225 partim
1152 1144 1213 1210 eis-

57 1240 134 1306 dem
156 1242 265 1308 uerbis
277 1242 299 1320 ¹)
328 1241 556 1325 praedicantur
576 1260 680 1324 neque
703 1241 819 1308 desunt
846 1238 970 1322 κόρδαξ
990 1249 1045 1309 aut
1068 1239 1214 1327 ἐγκώμια

57 1337 276 1428 ἃΣισκράσης
292 1342 372 1427 περὶ
390 1333 556 1427 ὀρχήσεως
574 1339 704 1427 διῆλθε.
741 1344 804 1408 Ηὶο
826 1343 867 1408 ab
890 1342 1004 1408 eodem
1026 1345 1113 1412 fonte
1136 1366 1213 1432 pen·

58 1442 138 1508 dere
152 1442 356 1510 Athenaeum
371 1449 403 1509 et
417 1443 625 1510 Plutarchum
639 1450 791 1528 apparet;
812 1462 907 1526 quem
922 1445 1048 1527 plenius
1064 1444 1215 1514 exhausit

57 1543 257 1611 Athenaeus.
297 1545 381 1611 Huic
402 1545 483 1609 fonti
505 1544 652 1628 sophista
674 1550 706 1611 et
727 1544 944 1611 Aristonicum
967 1551 999 1610 et
1019 1545 1213 1613 Aristoclem

59 1645 113 1708 uel
126 1645 356 1712 Aristoxenum
375 1645 473 1711 debet
495 1647 636 1728 itemque
658 1646 773 1730 opinor
788 1644 959 1711 Seleucum
982 1647 1074 1713 initio
1097 1649 1214 1732 capitis

58 1745 235 1812 laudatum.
272 1746 427 1813 Seleucus
443 1747 529 1812 enim
544 1747 602 1811 uix
616 1752 723 1829 potest
741 1747 823 1812 alius
847 1763 919 1813 esse
940 1747 1003 1812 nisi
1018 1748 1141 1813 Tiberii
1163 1748 1214 1814 illi

57 1848 240 1931 conuictor3
262 1848 339 1914 uide
357 1849 399 1913 M.
415 1846 630 1914 Schmidtium
653 1847 694 1913 dc
715 1848 814 1913 uariis
829 1845 974 1913 Seleucia
997 1848 1213 1933 disputantem
1242 1880 1243 1883 ¹

58 1947 177 2013 Philol.
201 1949 265 2014 uol.
280 1949 329 2013 ΙΙΙ
350 1970 382 2032 p.
395 1951 457 2013 436
466 1968 535 2031 sqq.
568 1948 769 2016 Aristonicus
784 1953 891 2013 autem
906 1949 1088 2015 necessario
1110 1969 1213 2016 secer·

59 2050 185 2115 nendus
200 2070 221 2114 a
236 2050 413 2116 clarissimo
431 2049 486 2115 illo
507 2047 681 2132 homerico,
704 2055 815 2132 utpote
838 2049 893 2132 qui
914 2049 1056 2114 nondum
1078 2050 1119 2116 de
1142 2051 1214 2117 istis

59 2150 269 2233 pantomimis
297 2150 438 2233 potuerit
463 2150 603 2217 scribere
631 2149 750 2216 nedum
777 2151 961 2235 prospicere
991 2151 1102 2233 quanti
1129 2151 1214 2218 foret

59 2252 216 2316 momenti
239 2270 405 2318 noua-ars.

146 2351 253 2429 Quare
274 2351 428 2418 Aristocli
450 2352 484 2416 in
506 2350 568 2417 hoe
590 2351 698 2434 capite
720 2349 802 2416 nihil
823 2351 1016 2417 uindicarim
1043 2352 1106 2418 nisi
1130 2371 1213 2435 quac

56 2460 237 2536 congruunt
260 2473 332 2519 oum
355 2472 386 2535 p.
399 2453 507 2535 630b3
529 2452 704 2519 Aristonici
719 2458 827 2517 autem
847 2472 965 2519 nomen
986 2454 1141 2519 intactum
1163 2474 1213 2521 re·

58 2556 180 2638 linquo.

146 2655 273 2741 Oogitet
296 2657 456 2740 quispiam
478 2653 520 2721 de
541 2655 710 2721 Aristoclis
738 2656 866 2720 nomine
890 2655 1049 2721 eliciendo
1073 2675 1114 2721 ex
1136 2657 1212 2722 Ath.

59 2758 138 2823 VIII
155 2779 187 2841 p.
197 2759 302 2822 teob:
326 2754 540 2840 Κορωνισσαὶ
555 2752 591 2817 δὲ
606 2752 782 2818 ἐκαλοῦντο
797 2753 876 2831 ant„
900 2747 946 2827 ὡς
962 2752 1089 2840 ἱστορεῖ
1099 2751 1215 2839 Ἁγνο-

56 2860 139 2941 κλῆς
168 2853 185 2922 ὁ
206 2852 334 2931 Ῥόδιος
360 2854 393 2920 ἐν
417 2860 658 2940 Κορωνισταῖς.
701 2855 786 2920 Nam
807 2855 991 2937 Hagnocles
1014 2856 1084 2922 siue
1105 2857 1214 2941 Agno-

58 2963 128 3027 oles
161 2959 297 3044 scriptor
324 2957 455 3024 aliunde
483 2977 547 3023 non
574 2957 727 3038 innotuit,
760 2961 983 3040 argumentum
1012 2964 1120 3024 autem
1149 2980 1214 3026 non

59 3063 205 3128 alienum
225 3066 274 3126 est
296 3061 337 3125 ab
361 3060 408 3125 eis
432 3078 514 3142 quae
529 3059 704 3124 Aristocles
726 3057 848 3140 profert
870 3058 903 3121 in
924 3058 1007 3124 libro
1022 3057 1099 3125 XIV
1113 3060 1214 3128 Athe·

57 3163 144 3228 naei.
183 3161 356 3227 Praeterea
377 3160 487 3226 titulus
510 3159 565 3226 ille
586 3160 800 3244 Κορωνισταί
825 3158 921 3224 ualde
944 3158 1024 3223 mihi
1047 3167 1213 3245 suspectus
1343 3206 1345 3211 ,

58 3271 121 3346 cst,
145 3283 217 3329 oum
233 3262 374 3328 nonnisi
390 3260 576 3328 comoediae
591 3266 685 3344 aptus
700 3259 758 3340 sit;
782 3278 845 3340 quo
861 3259 953 3324 titulo
968 3264 1090 3324 rectam
1105 3262 1213 3343 operis

60 3365 303 3447 inscriptionem
325 3364 454 3428 omnino
476 3362 548 3428 loco
571 3381 642 3427 esse
670 3366 790 3426 motam
817 3359 926 3423 malim
958 3358 1089 3426 credere
1118 3379 1214 3443 quam

60 3471 245 3547 corruptam
277 3483 347 3530 esse
376 3483 394 3529 e
423 3485 460 3526 ιι.
482 3463 615 3545 Χορῶν.
666 3459 849 3526 Dummodo
878 3460 994 3526 certior
1020 3467 1105 3528 esset
1133 3461 1214 3530 haee

59 3567 262 3650 coniectura,
290 3585 387 3650 porro
418 3569 560 3631 oreretur
588 3562 728 3646 suspicio
754 3561 922 3628 Aristoclis
951 3564 1166 3630 testimonium
1194 3583 1215 3629 a

61 3666 236 3751 Pamphilo
258 3687 322 3732 una
342 3666 475 3733 laudato
497 3665 597 3730 fuisse
619 3664 812 3748 appositum.

151 3854 174 3914 l)
189 3849 272 3903 Velut
282 3845 425 3917 ὑπόρχημα
438 3845 621 3901 διατίθεσθαι
634 3845 707 3915 apud
718 3849 871 3913 utrumque.
894 3845 1072 3900 Plutarchum
1083 3843 1111 3894 in
1122 3842 1214 3899 libello

62 3954 94 3989 ιι.
107 3935 235 4001 μουσικῆς
252 3932 334 3987 inser.
353 3932 559 4002 Dionysium
575 3929 650 3984 Hal.
666 3931 729 3984 min.
748 3929 881 3998 depilatae
898 3927 1098 3996 coni.Westph.
1117 3943 1213 3982 comm.

64 4034 93 4086 p.
106 4022 146 4071 16.

116 4178 236 4231 Leipziger
247 4175 350 4221 Studien.
369 4173 429 4218 vm.
