2918 4748
175 327 239 387 120
575 323 689 380 Carolus
706 324 835 379 Alhertus
852 323 931 393 Bapp

177 498 336 566 constanti
359 504 392 564 et
414 516 455 563 ex
477 493 662 581 Epicharmi
690 496 852 563 mentione
880 496 1004 579 duplici
1031 495 1218 562 uerisimile.
1263 495 1340 580 Age

176 620 262 666 nunc
278 617 508 684 comparemus,
532 616 615 680 quae
630 598 747 664 Pollux
770 597 812 664 de
835 597 934 664 uariis
957 598 1189 664 cantilenarum
1209 602 1339 683 generi·

178 701 239 768 bus
260 701 417 786 praebeat
438 700 504 782 (IV,
518 703 557 764 53
568 702 660 782 squ).

263 802 404 868 Nomina
425 803 495 868 sine
517 802 584 866 ulla
606 799 822 884 explicatione
846 798 902 866 dat
924 799 1020 867 haec:
1050 796 1160 864 ἰἀαλοι
1192 791 1338 884 αύλαμοί

177 895 334 987 ούπιγγοι
355 902 456 991 λίνος.
501 902 652 986 Sequitur
674 897 851 982 ἐπιμύλιος
873 891 942 986 ᾠδὴ
968 899 1099 983 ἱμαῖος·
1122 901 1177 965 καί
1203 899 1301 984 ἱμαλί
1326 919 1336 936 ·

176 997 195 1069 δ
220 1001 256 1068 δὲ
279 998 369 1091 ᾄδων
392 1000 548 1087 ἶμααιδύς
569 1003 703 1088 (of.V11‚
717 1005 757 1068 33
780 999 970 1088 μυλωθρύς,
993 998 1115 1084 μύλων,
1137 999 1234 1090 μύλη,
1258 1000 1337 1070 ἐπι·

175 1105 295 1191 μύλιος
322 1097 409 1190 ᾠδή
439 1104 493 1169 καὶ
519 1101 712 1189 προμύλαια
740 1100 824 1179 θεὸς
850 1104 907 1169 καί
936 1096 1112 1183 εύνοστος).
1136 1140 1180 1151 -
1202 1096 1336 1190 Ἀλητις

177 1193 269 1292 ύσμα
283 1218 358 1283 ταῖς
374 1203 515 1291 αἰώραις
529 1202 795 1292 πρασᾳδύμενον,
816 1203 992 1291 Θεοδώρου
1007 1209 1141 1291 ποίημα
1155 1207 1336 1272 τούΚαλα-

176 1312 305 1396 φωνίου
327 1336 370 1360 ==
392 1308 467 1374 Ath.
490 1307 608 1375 utssef.
636 1341 679 1352 -
708 1303 881 1392 ἐπιλήνιον
910 1305 1002 1374 deest
1029 1305 1118 1391 apud
1145 1307 1220 1374 Ath.
1252 1309 1336 1376 sicut

175 1401 335 1494 ούλαμοί;
357 1429 463 1493 neque
478 1399 548 1494 ᾠδή
565 1407 623 1476 sed
640 1400 772 1494 αύλημα
786 1409 912 1475 dicitur.
948 1400 1121 1493 αὐλήματα
1143 1414 1217 1476 sunt
1235 1411 1333 1476 etiam

175 1532 259 1596 quae
282 1516 446 1579 secuntur:
469 1507 645 1576 παιστικόν
667 1513 752 1582 lcum
767 1511 960 1577 comicorum
981 1511 1173 1577 testimoniis
1194 1509 1334 1578 diuersis

174 1614 217 1680 ab
240 1613 287 1680 eis
310 1631 393 1695 quae
413 1610 489 1678 Ath.
513 1610 555 1677 de
577 1612 794 1676 πτισσουσῶν
816 1602 887 1696 ᾠδῇ
908 1610 1029 1694 affert);
1053 1606 1181 1696 ἕρετικά
1205 1611 1336 1692 (desunt

175 1713 265 1800 apud
279 1712 384 1797 Atha
406 1710 596 1795 παιμενικύ,
620 1709 817 1795 παιμενικόν
839 1712 926 1797 apud
941 1712 1170 1796 Epicharmum
1191 1742 1234 1765 =
1256 1713 1333 1780 Ath.

175 1811 422 1899 βουκολιασμός
443 1850 486 1860 -
507 1811 705 1900 μνημονεύει
730 1805 763 1878 δ’
784 1805 886 1878 αύταύ
903 1805 1113 1900 Ἐπίχαρμος.
1144 1813 1336 1897 Συβωτικύν

175 1913 255 1999 (ἔχει
268 1913 372 1999 μόνον
384 1912 557 1992 δακτύλοις
573 1906 772 2002 αύλητικοῑς)
788 1915 881 1983 deest
891 1914 981 2001 apud
990 1914 1202 1984 Athenaeum.
1233 1918 1331 1984 Deni-

176 2037 240 2104 que
263 2017 350 2101 quod
371 2017 460 2102 apud
474 2018 640 2085 Pollucem
660 2018 703 2084 de
718 2017 895 2101 Tyrrhenis
918 2038 959 2085 ex
973 2017 1149 2085 Aristotele
1170 2026 1332 2086 narratur:

176 2115 396 2183 πυκτεύουσιν
410 2111 477 2183 tat
497 2109 587 2203 αύληλ
608 2117 686 2203 κτλ,
709 2119 840 2186 breuius
861 2118 948 2204 apud
964 2117 1038 2184 Ath.
1055 2120 1101 2185 IV
1115 2140 1146 2203 p.
1158 2124 1248 2187 154a
1271 2121 1330 2187 sub

138 2244 151 2262 τ
174 2218 397 2287 Eratosthenis
418 2220 547 2287 nomine
570 2222 624 2298 (ex
646 2220 838 2304 Posidonio,
861 2226 896 2285 ut
918 2219 1055 2295 uidetur)
1080 2226 1204 2304 exstat,
1226 2223 1273 2288 ita
1296 2228 1333 2288 ut

174 2320 420 2388 Eratosthenem
436 2319 517 2387 haec
533 2341 575 2387 ex
590 2321 763 2388 Aristotele
785 2320 931 2387 hausisse
947 2340 1185 2403 cognoscamus.
1221 2323 1330 2389 Pollu-

175 2440 246 2489 cem
268 2441 346 2488 uero
369 2443 433 2488 non
454 2422 621 2489 Aristoteli
643 2422 701 2489 sed
724 2421 930 2488 Eratostheni
955 2423 1009 2488 uel
1030 2423 1137 2506 potius
1158 2424 1330 2490 recentiori

173 2523 299 2590 auctori
314 2522 536 2589 Eratosthenis
552 2524 655 2607 copiis
677 2543 735 2589 uso
758 2543 817 2589 sua
838 2523 957 2589 debere
979 2525 1099 2590 nemini
1120 2543 1185 2590 non
1207 2529 1330 2590 certum

174 2624 234 2691 erit
246 2626 278 2703 ¹).
323 2623 569 2691 Eratosthenem
597 2629 704 2690 autem
730 2625 828 2690 etiam
851 2623 938 2708 apud
959 2624 1163 2691 Athenaeum
1192 2625 1245 2692 hio
1273 2626 1328 2692 de·

173 2725 363 2811 prendimus
384 2727 457 2793 coll.
473 2725 573 2793 schol.
589 2726 696 2810 Apoll.
712 2724 816 2792 Rhod.
832 2726 872 2789 A
883 2728 960 2790 972:

259 2824 370 2892 ἰἀυλαι
390 2825 425 2891 δὲ
440 2827 619 2892 καλαύνται
640 2821 659 2913 ἡ
682 2825 800 2914 πρώτη
824 2823 1005 2914 suaveque
1025 2828 1082 2892 καί
1104 2824 1241 2914 ἔκφυσις
1262 2829 1331 2893 τών

171 2924 206 2992 δν
221 2929 272 3011 τῷ
292 2931 408 3012 γενείῳ
429 2929 565 3011 τριχών·
588 2924 736 3008 δμέντοι
755 2921 996 3014 Ἐρατοσθένης
1019 2922 1126 3011 ύναμα
1148 2921 1237 3015 ᾠδῆς
1259 2926 1330 3016 ἐρί-

172 3031 249 3094 δων
273 3019 444 3093 ύιπέδωκεν
467 3024 501 3092 ἐν
523 3028 571 3111 τῷ
591 3021 689 3113 Ἑρμῇ
712 3028 814 3112 λέγων
837 3019 940 3092 ούτω·

345 3127 386 3214 ἣν
406 3130 557 3215 χερνῆτις
580 3126 697 3215 ἔριθος
720 3120 777 3216 ἐφ’
803 3124 936 3216 ὑψηλοῦ
956 3131 1124 3206 πετεώνας

347 3229 544 3307 δενδαλίδας
565 3232 725 3313 τευχούσα
746 3230 866 3306 καλούς
887 3223 997 3315 ἤειδεν
1020 3227 1161 3306 ἰούλους.

177 3325 245 3400 Oris
272 3331 344 3400 ἔστι
367 3330 404 3398 δέ
426 3354 510 3422 φησι
531 3331 697 3417 Δίδυμος,
727 3324 802 3397 ἀλλ’
828 3321 929 3415 ύμνας
959 3329 1007 3408 εἷς
1027 3329 1207 3419 Δήμητρα,
1239 3327 1327 3408 atet

173 3428 333 3519 ούπιγγος
355 3432 450 3519 παρὰ
476 3433 682 3523 Τροιζηνίοις
704 3431 752 3511 εἷς
774 3427 937 3520 Ἄρτεμιν.
972 3431 1043 3499 ἐστὶ
1064 3431 1127 3520 γὰρ
1151 3417 1249 3511 σύλας
1270 3436 1325 3501 καὶ

169 3533 285 3611 ἰὀυλας
301 3529 321 3621 ἡ
338 3532 373 3600 ἐκ
386 3537 453 3600 τών
469 3534 667 3621 δραγμάτων
683 3533 1007 3623 συναγομένηδεσμὴ
1026 3537 1082 3601 καὶ
1099 3527 1195 3601 otto
1218 3530 1237 3622 ἡ
1255 3540 1326 3623 Δη-

170 3629 296 3725 μτῖτηρ·
321 3637 450 3721 λέγεται
466 3634 502 3700 δὲ
517 3636 630 3714 ἰἀυλος
644 3639 700 3703 καὶ
716 3636 799 3716 ζώόν
814 3662 856 3718 τι,
879 3637 1037 3724 θηρίδιον
1059 3631 1234 3703 πολύπουν
1256 3639 1324 3704 κτλ.

257 3737 352 3819 Quod
375 3738 472 3823 igitur
494 3738 582 3824 apud
596 3739 798 3807 Athenaeum
813 3737 991 3825 ἐριουργῶν
1006 3741 1059 3807 uel
1073 3740 1324 3826 ταλασιουργῶν

170 3831 240 3927 uidet
257 3842 374 3910 dicitur
388 3838 510 3926 ἰὀυλας,
533 3841 754 3910 Eratosthenis
777 3842 858 3909 haec
880 3843 1038 3909 sententia
1060 3848 1117 3910 est.
1152 3843 1245 3910 Hanc
1267 3843 1326 3908 Di·

258 4060 283 4123 1)
301 4056 342 4112 ci.
361 4058 394 4113 de
411 4058 628 4116 Eratosthenicis
647 4059 719 4129 apud
736 4058 803 4115 Poll.
822 4057 958 4114 Rohdium
976 4074 1003 4128 p.
1015 4063 1055 4112 ll.
1068 4062 1165 4128 ursqq.
