2918 4748
200 333 243 387 De
260 331 380 387 lontibus
398 329 496 400 quibus
513 329 671 384 Athenaeus
689 329 717 382 in
734 327 815 383 rebus
833 342 901 382 mus.
919 327 969 397 lyr.
988 342 1078 382 enarr.
1095 343 1161 384 usus
1179 328 1223 384 sit.
1259 331 1302 389 89

151 505 311 572 sententia
326 504 423 570 etiam
439 522 477 569 eo
494 501 579 585 quod
596 521 613 566 e
628 499 770 582 Didymo
792 499 918 565 laudari
939 521 971 583 p.
984 502 1047 564 634
1069 501 1304 585 Apollodorum

150 612 257 691 potest
273 606 494 671 demonstrari.
529 603 633 668 Huius
656 602 740 667 enim
762 621 833 668 esse
855 602 929 667 libri
944 601 1021 666 XIV
1046 609 1142 686 caput
1156 607 1196 666 40
1220 604 1305 671 infra

149 707 348 791 probabitur.
383 706 421 770 In
441 724 594 790 praesens
617 701 1154 787 ο1.ΗεεγοΙ1.ε.11.παριαμβίδες·
1176 696 1302 770 Ἀπολ-

151 805 299 893 λόδωρος
321 802 413 892 παρὰ
435 802 513 881 τοὺς
541 802 682 888 ἰάμβους
712 797 795 868 αὓτά
824 825 909 891 φησι
937 807 1170 889 πεποιῆσθαι,
1201 804 1241 881 ἃς
1269 805 1302 871 οἱ

151 907 340 993 κιθαρῳδοὶ
362 901 515 994 ᾇὸουσιν;
545 927 628 990 quae
651 927 692 972 ex
714 906 856 990 Didymo
884 905 1015 975 fluxisse
1042 909 1140 992 periti
1163 929 1226 974 non
1247 928 1302 975 ne·

150 1012 279 1094 gabunt.

234 1111 325 1177 Nihil
347 1112 446 1195 igitur
473 1116 573 1177 restat
600 1109 643 1174 ad
671 1108 899 1175 remouendam
928 1108 1149 1177 difficultatem
1177 1112 1240 1178 nisi
1269 1118 1305 1178 ut

151 1216 323 1298 epistulam
343 1214 434 1278 illam
456 1213 621 1293 aliquanto
643 1216 717 1276 ante
741 1231 821 1295 opus
844 1233 881 1275 π.
895 1213 1003 1296 χορῶν
1021 1214 1208 1296 inscriptum
1230 1233 1303 1297 pro·

151 1317 251 1382 diisse
273 1333 447 1381 sumamus.
492 1311 558 1377 Sed
581 1312 695 1394 quibus
716 1312 779 1378 hoe
800 1333 865 1378 non
886 1313 1055 1396 probatur,
1084 1315 1124 1380 iis
1154 1317 1220 1380 alia
1248 1317 1305 1381 uia

151 1438 247 1502 spero
271 1435 459 1499 persuasum
481 1415 531 1497 iri,
553 1420 589 1479 ut
608 1414 840 1498 Apollodorum
862 1415 1050 1497 intellegant
1064 1415 1304 1483 Atheniensem.

151 1519 280 1584 Etenim
303 1517 481 1582 dubitatum
504 1520 553 1580 est
575 1552 617 1561 -
639 1515 738 1598 idque
753 1517 822 1581 iure
838 1515 951 1599 opinor
973 1550 1014 1559 —
1036 1538 1111 1583 num
1133 1523 1219 1583 recte
1240 1523 1302 1583 tra-

154 1620 255 1685 ditum
279 1624 363 1685 esset
384 1617 471 1701 apud
493 1617 568 1682 Ath.
583 1618 639 1700 IV,
654 1620 741 1683 1740
763 1616 939 1682 Ctesibium
960 1618 1051 1683 illum
1077 1618 1228 1702 hydrauli
1257 1621 1303 1685 in-

152 1726 315 1787 uentorem
330 1721 372 1786 ab
387 1720 545 1785 Aristocle
567 1725 778 1785 memoratum
800 1719 922 1785 uixisse
945 1714 1003 1783 ἐπὶ
1025 1721 1085 1784 τοῦ
1107 1719 1303 1807 δευτέρου

152 1814 344 1905 Εὐεργέτου.
381 1820 581 1887 Aduersatur
596 1821 682 1887 enim
696 1819 771 1885 huic
788 1821 860 1886 loco
876 1822 972 1887 alius:
995 1843 1027 1905 p.
1041 1825 1101 1886 497
1111 1823 1143 1905 d,
1166 1826 1222 1891 ubi
1244 1826 1304 1891 sub

150 1925 302 1989 lemmate
322 1916 488 1990 ‘PYTON
513 1923 633 2005 (poculi
655 1922 767 2005 genus)
790 1923 922 2005 legitur:
950 1916 1093 1997 Ἡδύλος
1116 1916 1147 1986 d’
1171 1921 1205 1988 ἓν
1229 1922 1305 1991 ἑπι-

151 2021 323 2109 γράμματι
343 2023 424 2107 περὶ
445 2025 504 2086 τοῦ
519 2025 847 2098 κατασκευασθέντος
868 2017 935 2087 ὑπὸ
954 2028 1137 2111 Κτησιβίου
1159 2027 1219 2090 τοῦ
1240 2052 1305 2114 μη-

149 2127 337 2206 χανοποιοῦ
359 2125 458 2210 ῥυτοῦ
482 2122 695 2210 μνημονεύων
718 2128 817 2210 φησί·
847 2128 991 2208 sequitur
1019 2129 1219 2211 epigramma
1241 2150 1305 2213 quo

153 2225 251 2313 ῥυτόν
268 2226 432 2310 quoddam
447 2226 637 2292 describitur
656 2227 690 2291 in
705 2226 856 2292 Arsinoes
878 2229 997 2311 templo
1020 2237 1191 2312 seruatum,
1215 2235 1304 2316 Κτη-

154 2333 265 2412 σιβίου
292 2324 400 2409 σειρὸν
428 2319 559 2413 εὕρεμα.
604 2327 710 2410 Atque
740 2347 811 2392 cum
837 2348 901 2393 nou
930 2328 971 2394 de
998 2331 1182 2395 inuentione
1210 2330 1308 2398 huius

153 2452 303 2497 uasorum
329 2431 455 2513 generis
479 2429 536 2495 sed
559 2429 600 2494 de
623 2451 685 2496 uno
709 2426 848 2512 quodam
871 2431 928 2494 tali
955 2432 1072 2514 poculo
1094 2439 1162 2498 arte
1185 2434 1306 2500 eximia

155 2534 272 2616 insigni
287 2538 411 2616 agatur,
433 2530 514 2596 nihil
536 2551 614 2597 sane
629 2533 708 2597 certi
723 2531 765 2596 de
780 2530 915 2597 Ctesibii
936 2539 1042 2599 aetate
1064 2536 1207 2617 sequitur
1229 2534 1305 2603 inde

155 2634 242 2717 quod
263 2636 360 2718 paulo
384 2655 480 2718 supra
501 2635 705 2699 Ptolemaeus
728 2632 963 2717 Philadelphus
986 2633 1002 2697 Ι
1031 2636 1110 2700 talia
1124 2656 1213 2716 ‚uasa
1234 2657 1305 2701 nar·

155 2744 242 2803 ratur
270 2734 419 2802 facienda
441 2736 621 2815 curauisse‚
651 2735 741 2798 utin
762 2735 916 2798 Arsinoes
939 2735 1038 2798 sacris
1059 2735 1307 2819 adhiberentur;

156 2857 350 2920 quamquam
372 2856 444 2901 oum
467 2835 601 2901 Ctesibii
624 2831 721 2917 ῥυτόν
742 2835 776 2898 in
797 2834 949 2900 Arsinoes
978 2835 1099 2920 templo
1123 2836 1306 2921 depositum

154 2940 261 3021 fuerit,
283 2938 458 3003 secundum
477 2937 557 3001 illud
573 2936 750 3001 Ptolemaei
766 2935 905 3001 edictum
928 2935 990 3002 hoc
1013 2957 1071 3004 uas
1092 2939 1211 3005 factum
1235 2960 1306 3006 esse

154 3040 331 3106 uerisimile
361 3045 417 3104 est.
462 3037 528 3104 Sed
557 3037 713 3103 habemus
742 3044 864 3103 certum
893 3039 1077 3122 terminum,
1106 3047 1182 3107 ante
1210 3063 1306 3124 quem

155 3144 273 3208 uixerit
288 3141 464 3207 Ctesibius:
486 3160 604 3223 nempe
618 3146 693 3205 ante
708 3139 872 3223 Hedylum
886 3146 1033 3223 poetam;
1057 3145 1112 3225 qui
1134 3145 1194 3209 fuit
1209 3144 1306 3211 Calli-

155 3243 262 3310 machi
284 3244 430 3326 aequalis
458 3241 544 3321 (uide
567 3240 718 3307 Schneid·
740 3241 866 3307 Callim.
882 3241 914 3304 Π
934 3263 966 3325 p.
981 3246 1036 3319 43,
1065 3244 1205 3309 Meinek.
1221 3248 1306 3310 anal.

155 3348 222 3410 crit.
238 3345 313 3409 Ath.
332 3366 364 3428 p.
377 3347 449 3426 226,
472 3344 655 3409 Iaoobsium
678 3344 711 3406 in
726 3341 856 3408 Anthol.
872 3341 915 3406 ad
931 3341 1123 3408 Callimachi
1138 3350 1170 3408 et
1184 3345 1306 3430 Hedyli

156 3446 417 3529 epigrammata);
440 3445 659 3510 Callimachus
681 3450 789 3509 autem
813 3444 893 3509 obiit
915 3444 973 3510 sub
995 3445 1156 3529 Euergete
1175 3448 1200 3511 Ι.
1237 3449 1307 3513 Iam

155 3568 232 3612 uero
249 3546 425 3612 Ctesibium
440 3545 525 3612 hunc
540 3548 781 3630 epigrammatis
799 3544 1027 3631 μηχανοποιόν
1050 3549 1121 3629 quis
1143 3549 1307 3616 diuersum

157 3669 229 3715 esse
251 3648 313 3713 sibi
334 3648 528 3730 persuadeat
549 3649 591 3714 ab
614 3649 671 3714 illo
694 3647 845 3730 hydrauli
867 3649 1048 3731 inuentore‚
1072 3652 1126 3733 qui
1148 3652 1202 3733 IV,
1221 3654 1307 3715 1740

156 3752 273 3817 dicitur
302 3750 361 3815 sub
388 3750 546 3834 Euergete
568 3752 609 3815 Il.
637 3750 856 3816 Alexandriae
884 3750 1071 3818 habitasse?
1113 3751 1173 3815 His
1201 3752 1306 3818 causis

155 3854 330 3919 adductum
351 3857 429 3935 puto
452 3854 625 3919 Ricardum
646 3852 892 3934 Volkmannum‚
915 3859 950 3917 ut
970 3874 1028 3937 pro
1051 3851 1176 3916 traditis
1199 3853 1305 3920 uerbis

156 3952 214 4019 ἐπὶ
235 3955 295 4017 τοῦ
318 3951 471 4035 δευτέρου
494 3945 674 4038 Εὐεργέτου
696 3956 873 4039 postularet
895 3950 952 4016 ἐπὶ
974 3955 1034 4015 τοῦ
1055 3948 1201 4030 πρώτου.
1246 3953 1306 4020 Cui

155 4057 327 4125 assentitur
349 4056 385 4120 Ε.
408 4053 522 4121 Rohde
544 4055 598 4134 (de
619 4056 761 4122 Pollucis
782 4055 922 4122 fontibus
943 4075 975 4137 p.
988 4055 1040 4128 42)
1062 4053 1191 4119 unicum
1212 4077 1305 4139 argu-
