2918 4748
238 326 301 386 134
634 317 747 373 Carolus
764 316 894 372 Albertus
912 317 990 386 Bapp

237 496 325 580 apud
341 493 476 562 Suidam
492 492 525 556 in
539 491 684 575 poetriae
699 490 782 554 uita:
801 488 856 552 καὶ
872 485 989 574 πρώτη
1006 485 1152 573 πηκτίδα
1163 491 1254 563 (corr.
1268 487 1394 573 Rohde,

237 599 407 682 legebatur
422 593 601 678 πλῆκτρον)
612 595 633 667 1)
650 583 751 674 εὗρεν.
790 590 911 657 Suidae
925 591 1025 655 uitam
1041 609 1059 655 e
1075 590 1257 674 Dionysii
1272 592 1396 658 musica

236 699 374 766 historia
387 695 519 763 fluxisse
541 694 704 776 plerisque
728 712 916 775 persuasum
937 698 994 758 est.
1032 691 1095 758 Hic
1117 692 1194 773 quin
1216 692 1249 756 in
1272 693 1394 758 scaeni-

238 819 349 867 corum
371 799 446 864 uitis
467 797 580 862 Iubam
602 795 728 877 adierit,
752 794 946 874 dubitationi
968 799 1152 875 exemptum
1175 798 1239 859 est:
1263 794 1297 857 in
1318 794 1395 877 lyri-

238 921 349 970 corum
369 900 445 965 uitis
468 903 555 964 certe
576 897 658 964 alios
680 897 773 979 sequi
796 902 925 961 coactus
948 902 1031 978 erat;
1062 894 1097 961 id
1120 895 1206 978 quod
1229 895 1396 961 statuerim

238 1008 350 1071 eontra
371 1000 537 1069 Rohdium⁴
563 1003 606 1084 (p.
620 1001 660 1063 77
668 1017 755 1081 sqq.‚
785 998 824 1064 cf.
848 996 924 1064 diss.
947 1002 1045 1064 nostr.
1069 1017 1101 1081 p.
1117 998 1198 1076 116).
1244 997 1395 1063 Ceterum

237 1106 321 1173 bene
351 1103 438 1169 idem
464 1096 532 1167 ‘aut
556 1100 689 1184 Didymi
720 1118 817 1184 opere
847 1105 903 1165 aut
931 1100 1033 1182 ipsius
1055 1098 1256 1165 Menaechmi
1283 1089 1392 1166 libris’

237 1226 332 1272 usum
355 1223 425 1271 esse
449 1203 640 1287 Dionysium
662 1203 843 1286 suspicatur
865 1207 908 1285 (p.
921 1203 962 1264 49
985 1206 1049 1266 not.
1064 1201 1103 1279 1).

324 1303 552 1371 Menaechmus
578 1303 728 1369 laudatur
750 1304 848 1370 etiam
870 1304 904 1369 in
926 1303 1033 1386 capite
1055 1305 1111 1386 42,
1142 1302 1228 1386 qnod
1249 1308 1318 1368 arte
1342 1300 1399 1370 co-'

238 1406 351 1473 haeret
367 1427 438 1472 cum
453 1406 504 1470 43.
543 1404 727 1489 Didymone
749 1405 848 1487 igitur
869 1403 951 1471 haec
968 1423 1095 1486 quoque
1117 1404 1317 1471 tribuamus?
1352 1405 1397 1470 At

236 1507 320 1575 nihil
334 1514 462 1592 praetor
476 1507 539 1573 hoc
557 1526 655 1572 unum
676 1525 794 1571 nomen
815 1505 940 1590 suadet,
964 1512 999 1571 ut
1020 1507 1066 1571 ita
1087 1505 1254 1572 faciamus.
1290 1506 1395 1573 Immo

237 1609 320 1676 haec
339 1611 447 1693 capita
469 1615 504 1673 ut
526 1627 598 1673 cum
617 1607 796 1691 Didymeis,
821 1627 902 1689 quae
923 1605 1131 1691 praecedunt,
1153 1607 1242 1672 nullo
1264 1608 1396 1675 uinculo

238 1713 449 1793 continentur,
472 1711 519 1774 ita
535 1710 591 1792 eis,
615 1727 698 1791 quae
712 1708 907 1774 Aristoxeno
927 1715 960 1775 et
973 1708 1125 1774 Aristocli
1147 1707 1395 1794 uindicauimus‚

237 1813 403 1879 simillima
418 1817 491 1876 sunt
513 1816 546 1876 et
567 1810 719 1876 orationis
742 1811 849 1876 colore
873 1815 905 1875 et
925 1811 1122 1893 argumentis
1145 1811 1299 1887 (musicae
1314 1812 1396 1878 artis

236 1912 426 1998 primordia,
449 1910 621 1996 rhapsodi,
645 1907 745 1995 ἱλαρὰ
767 1910 898 1990 μοῦσα).
943 1909 1050 1989 Quare
1072 1911 1232 1995 capitibus
1255 1915 1394 1998 34-41,

236 2015 352 2096 quibus
375 2033 497 2096 organa
518 2013 642 2078 musica
664 2013 901 2095 describuntur,
930 2013 1121 2098 interrumpi
1150 2033 1308 2080 conexum
1337 2032 1394 2080 ex-

236 2121 431 2198 cerptorum,
466 2133 550 2198 quae
579 2113 619 2179 de
645 2115 723 2179 artis
751 2115 893 2180 musicae
922 2114 955 2179 ui
982 2114 1154 2197 generibus
1186 2115 1394 2182 incrementis

235 2222 351 2298 agunt,
374 2215 589 2281 confitendum
611 2220 669 2280 est.

705 2550 830 2627 Oneon
856 2550 922 2627 IV.

584 2697 788 2778 Aristocles
814 2706 851 2776 τί
876 2699 1034 2803 Trypho.

222 2896 226 2901 ⁴
320 2869 521 2951 Reliquimus
536 2868 789 2955 disceptandum,
812 2872 980 2938 Aristoolis
1004 2871 1045 2938 de
1064 2871 1224 2956 hydraule
1247 2873 1393 2938 testimo·

234 2972 324 3035 nium
347 2969 435 3052 apud
457 2968 531 3034 Ath.
548 2969 594 3035 IV
615 2990 646 3053 p.
662 2976 748 3037 1740
771 2979 876 3036 utrum
899 2972 1069 3056 Tryphoni
1098 2973 1252 3040 debeatur
1278 2992 1392 3040 necne.

233 3071 341 3151 Atque
369 3071 507 3154 primum
536 3088 554 3135 e
583 3089 619 3136 re
648 3069 775 3137 uidetur
800 3071 963 3137 Ammonii
991 3074 1083 3138 illum
1111 3073 1153 3139 de
1182 3075 1329 3157 epicedio
1361 3082 1396 3142 et

235 3170 349 3237 threno
377 3171 483 3236 locum
512 3170 698 3254 diligentius
727 3173 912 3238 examinare
944 3173 995 3248 (cf.
1021 3172 1097 3239 diss.
1120 3179 1248 3240 nostrae
1276 3195 1308 3259 p.
1325 3177 1393 3256 90).

237 3272 319 3338 Sunt
340 3278 448 3339 autem
471 3273 634 3339 Ammonii
656 3275 756 3340 uerba
778 3294 802 3339 s.
819 3292 849 3338 u.
871 3270 1060 3358 ἐπικήδειος
1083 3274 1178 3340 haec:

316 3365 524 3458 Ἐπικήδειος
545 3373 599 3438 καὶ
613 3375 739 3459 θρῆνος
763 3373 933 3461 διαφέρει·
957 3371 1129 3459 ἐπικήδιον
1150 3374 1211 3458 μὲν
1232 3373 1296 3460 γάρ
1319 3373 1394 3445 ἐστι

234 3468 272 3534 τὸ
291 3467 349 3535 ἐπὶ
371 3475 419 3555 τῷ
438 3471 547 3558 κήδει·
569 3475 696 3559 θρῆνος
719 3470 813 3540 δὲτὸ
838 3471 873 3541 ἐν
894 3467 978 3560 ᾠδή·
1003 3466 1090 3540 οὕτω
1109 3474 1261 3563 Τρύφων.
1299 3469 1393 3566 Ἀρι-

237 3572 375 3659 στοκλής
397 3570 434 3636 δὲ
456 3568 473 3638 ὁ
495 3570 620 3650 Ῥόδιος
644 3572 677 3641 ἐν
699 3577 748 3661 τῷ
769 3576 848 3664 περὶ
871 3580 1048 3664 ποιητικῆς
1069 3573 1268 3660 τοῦμπαλιν.
1306 3583 1393 3668 φησὶ

234 3672 313 3761 γάρ·
337 3676 463 3759 θρῆνος
479 3665 511 3738 δ’
529 3671 618 3740 ἐστὶν
634 3668 702 3761 ᾠδή
719 3679 778 3764 τής
792 3681 968 3767 συμφορᾶς
990 3677 1111 3744 οἰκεῖον
1126 3673 1233 3763 ὄνομα
1256 3679 1393 3764 ἐ’χουσα·

234 3773 380 3861 ὀδορμὸν
402 3773 468 3858 ἔχει
491 3773 550 3842 σὺν
573 3773 722 3862 ἐγκωμίῳ
750 3780 810 3844 τοῦ
832 3778 1105 3865 τελευτήσαντος·
1134 3780 1222 3858 τινὲς
1249 3781 1309 3865 μὲν
1332 3769 1393 3851 οὖν

235 3879 354 3954 κοινῶς
375 3876 488 3943 πάντα
510 3874 606 3944 εἶπον
628 3878 793 3966 θρήνους·
817 3880 850 3946 οἱ
873 3881 909 3946 δὲ
932 3881 1105 3967 διαφέρειν
1127 3882 1255 3970 θρῆνόν
1276 3909 1313 3950 τε
1334 3887 1393 3952 καὶ

238 3991 436 4009 κ,

313 4049 337 4107 1)
355 4045 429 4099 Idem
437 4045 548 4104 Volhm.
556 4046 591 4100 de
600 4045 673 4101 Suid.
685 4047 770 4114 biogr.
783 4063 812 4115 p.
820 4051 852 4101 14
866 4043 929 4101 ‘iam
942 4047 1046 4116 pridem
1057 4046 1233 4104 intellectum'
1245 4065 1304 4105 esse
1313 4051 1390 4107 dicit.
