2918 4748
190 325 233 379 De
250 323 372 381 fontibus
390 324 489 394 quibus
507 326 665 383 Athenaeus
682 328 711 382 iu
728 327 810 384 rebus
827 345 896 384 mus.
915 331 963 400 lyr.
983 346 1072 388 enarr.
1090 348 1156 388 usus
1174 333 1217 388 sit.
1246 334 1306 394 127

146 493 321 580 ψαλτικόν
342 495 469 563 Λυδῶν
490 521 526 564 τε
549 490 684 587 εὕρημα.
728 501 851 569 Suntne
879 503 976 586 igitur
998 504 1079 571 haec
1102 524 1230 588 quoque
1251 506 1309 571 Di·

154 599 269 683 dymi?
307 599 380 666 Non
402 600 499 666 uideo
523 602 601 684 quid
623 603 729 669 obstet
750 623 856 687 neque
877 605 992 671 Rohde
1015 604 1122 690 habet,
1147 626 1202 672 cnr
1221 599 1309 672 ‘ante

153 703 270 788 capitis
288 704 327 766 36
350 703 409 780 (sic
424 704 535 786 uoluit,
559 725 622 770 non
639 708 690 782 37)
712 697 824 772 finem’
843 706 977 790 Didymi
993 708 1207 791 fragmentum
1223 706 1307 773 desi·

151 824 230 870 nere
252 809 380 870 statuat.
417 804 568 870 Attamen
587 805 738 888 equidem
759 827 824 873 non
846 807 951 874 audeo
973 810 1113 893 paginae
1129 811 1191 873 635
1215 808 1307 892 quid·

153 925 251 990 quam
272 905 336 989 ipsi
351 904 493 988 Didymo
509 906 675 973 uindicare
696 909 759 975 nisi
774 907 949 994 Theophili
971 910 1078 976 locum
1091 911 1122 988 ¹).
1159 911 1243 976 Nam
1264 909 1308 975 ad

152 1007 345 1074 sententiam
368 1007 436 1073 cius
457 1006 648 1074 firmandam
671 1010 796 1093 reliqua
818 1012 926 1076 omnia
947 1010 1029 1076 nihil
1057 1012 1176 1077 ualent.
1222 1008 1308 1088 Quid

152 1108 241 1192 quod
265 1109 311 1174 eis
334 1128 417 1192 quae
439 1129 471 1193 p.
488 1112 573 1175 6346
590 1111 647 1176 ille
670 1111 793 1178 docuit:
816 1110 944 1177 Λυδῶν
960 1103 1086 1199 εὕρημα
1109 1132 1180 1180 esse
1198 1132 1307 1195 maga·

151 1209 219 1292 din,
242 1216 400 1294 repugnat
423 1211 510 1293 qnod
532 1232 564 1296 p.
581 1213 671 1278 6356
695 1233 737 1278 ex
757 1213 966 1281 Menaechmo
988 1220 1149 1281 narratur:
1173 1212 1307 1297 Sappho

151 1331 225 1377 eam
241 1313 411 1378 inuenisse.
450 1312 608 1396 Didymus
623 1314 691 1381 siue
707 1314 805 1380 dubio
822 1336 914 1381 suum
935 1315 1116 1382 addidisset
1138 1315 1306 1381 iudicium:

150 1412 207 1479 hio
232 1414 344 1480 lectori
375 1416 570 1496 permittitur
592 1415 745 1482 delectus.
790 1416 939 1482 Ceterum
968 1417 1051 1482 infra
1078 1437 1110 1501 p.
1126 1418 1215 1482 esse
1242 1436 1308 1480 non

147 1505 340 1581 ‘inuentam'
361 1536 382 1580 a
404 1515 537 1601 Sappho
560 1535 631 1585 esse
654 1515 801 1602 πηκτίδα
824 1521 877 1596 (=
898 1515 1055 1601 μάγαδιν)
1080 1517 1307 1584 Menaechmus

151 1615 270 1683 dieitur
298 1617 470 1684 tradidisse
499 1617 557 1684 sed
584 1615 723 1702 πρώτην
751 1619 842 1684 illam
867 1616 1064 1703 χρήσασθαι
1092 1621 1133 1704 τῇ
1159 1616 1306 1704 τ’τηκτίόι.

150 1716 243 1784 Haeo
265 1720 293 1784 si
315 1720 494 1786 accuratius
517 1719 605 1785 dicta
626 1726 713 1802 sunt,
735 1719 978 1786 Menaechmum
1002 1741 1073 1787 cum
1096 1719 1252 1805 Didymo·
1262 1721 1307 1785 ita

148 1820 229 1885 licet
251 1821 470 1903 reconciliare,
492 1827 528 1886 ut
549 1822 701 1887 Lesbiam
721 1841 743 1887 a
760 1822 863 1903 Lydis
885 1823 1126 1888 instrumentum
1151 1822 1232 1887 illud
1254 1841 1305 1887 ac-

151 1923 279 2006 cepisse
309 1941 486 1988 sumamus:
515 1922 554 1986 ci.
577 1942 609 2005 p.
625 1925 732 2006 6376,
762 1924 817 1989 ubi
846 1923 966 1990 diserte
990 1924 1196 2006 distinguitur
1224 1924 1307 1987 inter

149 2023 353 2088 inuentorem
369 2022 540 2086 sambucae
560 2028 592 2086 et
611 2042 690 2106 eam,
716 2045 797 2107 quae
819 2027 924 2108 prima
945 2045 1004 2091 usa
1025 2026 1067 2092 sit
1090 2024 1152 2091 hoc
1175 2044 1305 2107 organo.

241 2122 308 2188 Sed
330 2127 450 2186 utnon
478 2129 621 2205 pugnent
649 2127 813 2193 sententiis
841 2128 924 2193 inter
953 2147 988 2193 se
1017 2134 1114 2212 caput
1135 2128 1176 2191 36
1200 2133 1232 2192 et
1255 2128 1305 2206 37,

149 2226 238 2288 mira
259 2229 366 2289 tamm
389 2227 437 2288 est
459 2223 632 2290 eorundem
653 2229 881 2293 sententiarum
905 2235 937 2294 et
958 2234 1123 2295 anctorum
1145 2227 1304 2310 repetitio.

149 2326 261 2408 Atque
275 2321 389 2390 Rohde
412 2342 483 2389 cum
505 2331 602 2409 caput
617 2328 657 2390 36
679 2332 780 2392 totum
793 2327 935 2412 Didymo
957 2330 1068 2396 deberi
1092 2330 1153 2396 sibi
1175 2347 1305 2412 persua-

150 2427 238 2508 serit,
261 2425 369 2491 facere
392 2445 455 2492 non
478 2431 584 2509 potest
607 2429 683 2510 quin
702 2436 799 2512 caput
815 2432 855 2493 37
878 2450 919 2496 ex
938 2425 1033 2496 ‘libro
1050 2432 1170 2514 aliquo,
1193 2432 1305 2512 inquo

153 2528 193 2593 de
216 2527 348 2593 musicis
369 2528 587 2595 instrumentis
609 2530 656 2595 ita
677 2531 841 2614 agebatur,
865 2539 900 2598 ut
914 2533 1048 2616 Didymi
1065 2523 1305 2618 ἂντεξηγήσεις,

151 2629 207 2694 ubi
222 2649 274 2694 res
290 2629 423 2711 ferebat,
445 2635 568 2695 tantum
583 2651 648 2696 non
662 2633 762 2697 uerbo
783 2639 876 2698 tenus
898 2627 1226 2715 uansscribereutur'‚
1250 2635 1305 2698 de-

153 2736 314 2813 sumptum
330 2749 401 2796 esse
416 2729 525 2812 fingat.
559 2731 644 2796 Huic
664 2723 893 2812 ‘compilatori'
912 2732 1022 2796 tribuit
1036 2753 1068 2816 p.
1079 2735 1305 2799 esee—sese

152 2860 193 2883 =
208 2852 301 2915 capp.
317 2835 357 2897 37
361 2834 453 2895 -39,
491 2831 598 2913 Atque
613 2832 763 2897 laudatur
778 2851 854 2897 sane
871 2833 904 2896 in
918 2832 980 2899 fine
1003 2834 1118 2918 capitis
1135 2837 1174 2898 39
1198 2856 1305 2903 rursus

152 2933 323 3016 Didymus,
347 2953 444 3016 quem
459 2931 683 3016 Aristophanis
705 2953 832 2999 uersum
854 2935 1015 3016 quendam
1038 2936 1079 3002 de
1101 2938 1305 3020 crepitaculis

154 3041 267 3101 testem
284 3036 443 3101 excitasse
458 3033 620 3101 discimus.
658 3035 753 3102 Unde
766 3035 882 3102 Rohde
903 3058 967 3102 non
989 3037 1129 3105 debebat
1151 3041 1304 3123 colligere

153 3133 232 3202 haec
254 3156 319 3201 non
343 3137 409 3201 iam
431 3156 473 3201 ex
495 3126 747 3221 ἆντιξηγήσεσιν
775 3137 833 3202 sed
862 3157 904 3202 ex
932 3143 1159 3206 commentario
1182 3141 1304 3208 Aristo·

152 3237 279 3320 phaneo
302 3236 418 3302 hausta
440 3257 520 3304 esse.
557 3238 642 3304 Nam
663 3245 774 3322 aperte
797 3238 957 3320 Didymus
979 3241 1096 3306 dicitur
1115 3239 1303 3322 Aristopha-

151 3357 223 3404 nem
253 3336 446 3422 prcduxisse
475 3345 589 3405 testem
612 3374 653 3383 -
675 3339 761 3404 unde
783 3359 846 3404 non
868 3338 911 3403 ad
940 3340 1044 3422 ipsum
1072 3340 1161 3404 illum
1188 3342 1303 3408 comici

150 3458 279 3506 uersum
302 3459 355 3522 ea,
384 3459 467 3522 quae
490 3438 544 3503 hic
566 3440 607 3504 de
629 3441 761 3505 ostracis
785 3438 960 3522 traduntur,
982 3438 1136 3506 adnotata
1157 3442 1214 3508 sed
1237 3445 1303 3509 alio

151 3529 224 3608 loco
247 3541 396 3624 exposita
416 3541 516 3605 fuisse
538 3538 617 3603 mihi
641 3547 762 3605 certum
784 3541 921 3607 uidetur.
960 3541 1028 3608 Nec
1051 3544 1207 3611 musicum
1228 3565 1303 3610 auc-

153 3648 265 3725 torem,
282 3643 337 3724 qui
351 3641 434 3708 hauc
446 3640 580 3725 Didymi
595 3645 703 3707 notam
719 3644 869 3726 seruauit,
886 3663 927 3710 ex
943 3647 1169 3711 commentario
1180 3645 1302 3710 Aristo-

238 3896 263 3958 1)
285 3890 327 3945 Cf.
345 3891 462 3958 Hesych.
481 3907 504 3944 s.
515 3907 542 3944 u.
560 3885 702 3958 μαγάὸιιτ·
729 3883 807 3940 αὐλοὶ
828 3889 1044 3960 κιθαριστήριον
1069 3888 1188 3960 ὄργανον
1205 3889 1303 3960 ψαλτι-

152 3977 208 4040 κόν,
226 3969 297 4028 ὅθεν
314 3979 359 4026 καὶ
376 3973 409 4027 τὸ
428 3971 541 4043 poitiers
557 3971 689 4045 μαγάζιιν
708 3971 845 4043 λέγουσιν·
863 3972 930 4027 Ἴων
945 3971 1066 4044 Ὀμφάλῃ
1083 3968 1142 4028 κτλζ
1175 3975 1251 4043 Quae
1268 3993 1302 4032 ex

152 4061 293 4116 Athenaeo
312 4075 372 4116 esse
390 4065 499 4129 sumpta
516 4073 594 4114 nemo
614 4057 706 4114 credet
722 4058 854 4125 (Schmidt
871 4059 992 4127 Quaestt.
1004 4057 1068 4113 Hes.
1086 4076 1113 4128 p.
1124 4059 1240 4128 CXXV).
