2918 4748
183 318 227 374 De
244 316 366 374 fontibus
384 316 482 386 quibus
500 316 657 373 Athenaeus
674 316 704 372 in
720 314 803 371 rebus
820 329 889 371 mur.
908 315 958 387 lyr.
977 329 1065 372 anum.
1083 329 1150 371 usus
1168 315 1212 372 slt.
1242 317 1305 376 105

148 491 290 576 uestigia
311 491 435 574 passim
456 489 580 574 detegit
590 492 636 568 ¹),
666 486 758 554 Idem
780 488 958 557 rectissime
981 489 1015 554 in
1037 509 1107 575 cap.
1124 493 1165 555 26
1187 489 1263 557 inde
1285 510 1322 577 a·

149 592 259 659 uerbis
273 586 334 676 τὴν
346 581 378 654 δ’
389 582 550 656 ἀπόκινον
561 610 679 658 nouum
695 596 881 675 excerptum
896 591 1038 676 aptiore
1052 610 1183 676 prorsus
1199 590 1305 658 diuer-

149 713 221 760 sum
243 692 386 776 incipere
408 693 519 759 statuit
540 712 581 759 ex
604 692 802 758 onomastico
824 692 935 776 aliquo
956 693 1101 776 petitum.
1139 692 1243 778 Oaput
1263 694 1307 757 28

148 801 260 862 autem
280 799 312 861 et
326 793 494 877 sequentia
508 792 572 860 duo
587 792 740 860 Aristocli
762 793 883 877 tribuit,
906 794 986 877 iure,
1008 797 1156 878 utsupra
1178 794 1304 879 (p.100)

149 895 299 966 uidimus.
338 893 443 977 Oaput
457 896 494 958 31
512 913 621 962 rursus
639 912 682 961 cx
696 892 812 961 eodem
835 912 933 978 opere
956 894 1180 980 depromptum
1202 901 1307 980 putat,

150 995 238 1078 quod
260 993 407 1080 sophista
427 1014 539 1063 uersus
562 996 679 1081 capitis
697 997 738 1060 26
760 993 858 1062 finem
881 994 1084 1079 deseruerat;
1106 995 1141 1062 id
1164 997 1251 1080 qnod
1274 1003 1308 1064 et

149 1102 338 1182 argumento
360 1101 393 1163 et
414 1096 601 1163 ArIstoxeni
621 1097 784 1163 mentione
806 1096 971 1181 probatur.

236 1197 342 1281 Gaput
362 1200 402 1262 32
419 1203 451 1265 et
466 1200 507 1262 33
533 1191 681 1266 ‘fortasse
710 1199 788 1265 item
809 1199 1002 1266 Aristoxeno
1025 1190 1152 1266 deheri’
1178 1201 1306 1267 conicit.

150 1297 242 1378 Quae
259 1298 400 1366 obstant:
423 1300 667 1366 memorabilem
682 1300 772 1366 illam
787 1299 829 1367 de
843 1301 991 1367 uersibus
1006 1299 1173 1384 acephalis
1188 1301 1306 1369 doctri·

149 1421 241 1485 nam,
265 1401 422 1468 Demetrii
445 1402 594 1486 Byzantii
615 1402 846 1485 testimonium,
869 1401 1006 1468 Dinonis
1027 1404 1243 1470 narrationem
1264 1404 1307 1472 ab
1324 1468 1326 1472 .

148 1502 319 1569 Athenaeo
348 1503 420 1587 ipsc
449 1504 675 1586 intempestiue
704 1503 824 1594 inserts
852 1522 923 1571 esse
952 1504 1125 1571 contendit.
1170 1504 1307 1573 Dinonis

149 1605 256 1672 locum
277 1624 342 1670 non
364 1609 439 1689 apte
461 1605 646 1689 appositum
668 1623 826 1671 essenon
848 1604 1000 1688 concedo,
1024 1604 1065 1672 de
1086 1605 1252 1672 Demetrio
1275 1612 1308 1673 et

151 1706 193 1773 dc
217 1725 353 1774 excursu
380 1706 515 1773 metrico
542 1704 654 1789 negari
681 1705 767 1772 idem
795 1706 916 1789 nequit.
962 1705 1049 1784 Quid
1078 1706 1165 1792 quod
1193 1707 1308 1775 eadem

149 1808 305 1892 formula,
337 1825 401 1891 qua
430 1807 483 1873 hic
511 1807 648 1875 Dinonis
677 1808 779 1873 uerba
805 1807 1065 1892 introducuntur,
1095 1809 1307 1877 Aristoxenus

150 1910 250 1976 utitur
271 1929 303 1992 p.
316 1911 375 1973 631
385 1908 417 1992 (1,
440 1909 496 1974 uhi
517 1908 668 1991 legimus:
693 1905 760 1973 εἰσὶ
783 1906 819 1973 δὲ
841 1908 897 1972 καὶ
918 1906 1012 1994 παρὰ
1031 1920 1102 1984 τοῖς
1123 1907 1308 1996 βαρβάροις

151 2001 269 2095 ὥσπερ
284 2010 341 2074 καὶ
356 2005 450 2102 παρὰ
466 2019 537 2084 τοῖς
549 1999 689 2094 Ἕλλησι
712 2008 897 2076 σπουδαῖαι
918 2011 973 2075 καλ
995 2011 1124 2096 φαῦλαι
1145 2002 1308 2096 ὀρχήσεις.

150 2112 314 2179 Dinonem
335 2111 434 2194 igitur
454 2110 495 2175 ab
510 2109 704 2178 Aristoxeno
726 2111 879 2179 aduocari
900 2132 965 2178 non
987 2117 1036 2179 est
1058 2133 1113 2180 cur
1134 2132 1308 2198 negemus3

151 2214 217 2279 nisi
240 2232 336 2295 quem
355 2216 513 2295 moratur,
543 2212 631 2296 quod
656 2213 724 2279 fere
746 2215 899 2297 aequales
927 2215 1062 2281 fuerunt.
1086 2215 1308 2282 -Demetrii

151 2315 303 2398 Byzantii
330 2313 410 2398 περὶ
435 2311 635 2399 ποιημάτων
656 2316 775 2381 librum
795 2315 981 2383 Athenaeus
1011 2317 1081 2400 ipse
1110 2317 1180 2386 sine
1207 2315 1308 2382 dubio

151 2437 217 2482 non
239 2417 380 2501 inspexit
390 2416 413 2492 2)
437 2415 496 2482 sed
517 2415 688 2483 intercedit
709 2422 830 2502 auctor,
854 2419 910 2501 qni
932 2417 1009 2484 data
1031 2437 1131 2502 opera
1152 2417 1309 2485 historiae
1378 2483 1381 2488 .

151 2518 294 2586 musicae
317 2519 489 2602 scriptores
510 2520 695 2604 perlegerit.
738 2521 854 2603 Neque
876 2522 1042 2589 metricam
1073 2522 1167 2589 istam
1191 2521 1308 2589 doctri·

151 2641 228 2686 nam
249 2619 290 2687 de
305 2640 363 2688 suo
379 2640 452 2686 eum
474 2619 601 2687 adferre
625 2622 795 2704 qnisquam
816 2620 999 2688 crediderit.
1036 2621 1237 2705 Quamquam
1259 2642 1308 2688 re·

151 2721 287 2790 ferenda
308 2722 436 2788 uidetur
458 2721 501 2787 ad
525 2726 688 2786 auctorem
704 2721 819 2787 (laesio
835 2721 937 2787 Basso
953 2728 986 2786 et
999 2721 1177 2788 Heliodoro
1198 2741 1308 2788 recen·

151 2826 277 2907 tiorem,
301 2823 422 2907 quippe
437 2821 525 2906 apud
541 2841 621 2904 quos
640 2822 762 2906 primos
784 2840 855 2888 eam
877 2821 1077 2889 inueniamus
1100 2821 1187 2902 (uide
1202 2821 1310 2890 Rchd.

149 2947 185 3010 p.
199 2928 240 2988 46
251 2926 339 3002 not).
373 2921 523 2989 (letarum
538 2923 624 3007 quod
647 2922 700 2989 hic
714 2921 911 3007 Phocylides
933 2923 1016 2990 inter
1038 2943 1093 2992 eos
1115 2925 1308 3010 nominatur,

153 3027 210 3110 qui
232 3025 389 3109 poematis
411 3045 475 3091 non
497 3024 682 3091 addiderint
704 3025 878 3110 melodias,
908 3031 1030 3109 pugnat
1052 3047 1125 3094 cum
1147 3025 1209 3095 hac
1237 3047 1308 3095 sen-

152 3128 256 3194 tentia
270 3126 529 3194 Chamaeleontis
546 3128 604 3192 illa
621 3147 716 3210 quarn
736 3128 874 3209 legimus
896 3148 927 3211 p.
941 3129 1044 3195 6200:
1068 3128 1310 3216 μελῳδηθῆναι

154 3221 194 3295 οὗ
222 3225 324 3311 μόνον
351 3224 392 3291 τὰ
412 3221 554 3314 Ὁμήρου
584 3219 669 3291 ἀλλὰ
697 3228 754 3292 καὶ
782 3223 823 3291 τὰ
844 3221 1003 3293 Ἡσιόδου
1031 3230 1087 3294 καὶ
1114 3222 1308 3314 Ἀρχιλόχου.

154 3329 205 3395 ἐ’σι
228 3329 263 3394 δὲ
278 3332 479 3414 Μιμνέρμου
500 3330 555 3394 καὶ
575 3327 780 3410 Φωκυλίδου.
815 3331 933 3396 Veram
955 3349 1027 3396 esse
1049 3329 1309 3398 Chamaeleontis

154 3433 334 3500 doctrinam
348 3431 463 3498 Bohde
483 3426 625 3498 ‘Griech
641 3423 741 3498 Rom?
760 3455 792 3518 p.
804 3436 860 3497 141
871 3436 935 3497 not.
952 3430 1158 3499 demonstrat.
1190 3432 1310 3501 Contra

153 3536 265 3619 Bergk
287 3534 376 3601 HLG
394 3535 427 3599 II
444 3536 546 3619 p.130
566 3540 630 3600 not.
644 3537 684 3599 80
707 3534 788 3602 haec
803 3535 985 3602 testimonia
999 3536 1183 3602 consociare
1203 3534 1310 3603 studet

155 3639 279 3705 infelici
301 3639 442 3723 ratione;
464 3659 538 3705 nam
560 3639 627 3702 τῶν
643 3637 773 3703 λοιπῶν
790 3637 823 3703 oi
836 3635 882 3724 μὴ
898 3635 1126 3725 προσάγοντες
1140 3634 1309 3720 μελῳδίαν

245 3810 270 3872 1)
293 3805 418 3860 Ceterum
437 3803 654 3860 chamaeleontis
677 3804 705 3857 in
727 3805 781 3859 hoe
799 3804 888 3873 capite
911 3820 967 3860 non
989 3819 1022 3859 ea
1040 3804 1127 3866 solum
1145 3815 1217 3867 esse,
1242 3815 1310 3869 quae

154 3906 218 3945 cum
231 3890 340 3945 nomine
352 3889 409 3944 eius
422 3890 590 3958 exhibentur,
609 3889 657 3945 aed
671 3889 751 3944 etiam
768 3889 841 3944 illam
858 3889 891 3944 de
903 3887 1065 3959 Hippoclide
1078 3884 1310 3943 narratiunculam

153 3975 304 4044 suspiceris
323 3974 384 4028 coll.
402 3989 430 4043 p.
442 3977 523 4029 273c.

243 4063 269 4127 2)
288 4059 419 4114 clearcho
439 4058 553 4114 debetur
569 4059 604 4127 X,
613 4060 688 4115 4th
707 4064 734 4116 et
750 4058 812 4128 XII,
823 4060 904 4115 548d.
