<?xml version="1.0" encoding="UTF-8"?>
<!DOCTYPE html PUBLIC "-//W3C//DTD XHTML 1.0 Transitional//EN"
    "http://www.w3.org/TR/xhtml1/DTD/xhtml1-transitional.dtd">
<html xmlns="http://www.w3.org/1999/xhtml" xml:lang="en" lang="en">
 <head>
  <title>
</title>
<meta http-equiv="Content-Type" content="text/html;charset=utf-8" />
  <meta name='ocr-system' content='tesseract 3.04.00' />
  <meta name='ocr-capabilities' content='ocr_page ocr_carea ocr_par ocr_line ocrx_word'/>
</head>
<body>
  <div class='ocr_page' id='page_1' title='image "./defontibusquibu00bappgoog_0028.png"; bbox 0 0 2918 4748; ppageno 0'>
   <div class='ocr_carea' id='block_1_1' title="bbox 196 355 1300 427">
    <p class='ocr_par' dir='ltr' id='par_1_1' title="bbox 196 355 1300 427">
     <span class='ocr_line' id='line_1_1' title="bbox 196 355 1300 427; baseline 0.002 -15"><span class='ocrx_word' id='word_1_1' title='bbox 196 358 238 413; x_wconf 89' lang='lat' dir='ltr'><strong>De</strong></span> <span class='ocrx_word' id='word_1_2' title='bbox 255 356 378 413; x_wconf 87' lang='lat' dir='ltr'><strong>lontibus</strong></span> <span class='ocrx_word' id='word_1_3' title='bbox 397 356 495 427; x_wconf 90' lang='lat' dir='ltr'><strong>quibus</strong></span> <span class='ocrx_word' id='word_1_4' title='bbox 513 356 670 412; x_wconf 75' lang='lat' dir='ltr'><strong>Athenaeus</strong></span> <span class='ocrx_word' id='word_1_5' title='bbox 688 356 717 410; x_wconf 89' lang='lat' dir='ltr'><strong>in</strong></span> <span class='ocrx_word' id='word_1_6' title='bbox 734 355 815 410; x_wconf 87' lang='lat' dir='ltr'><strong>rebus</strong></span> <span class='ocrx_word' id='word_1_7' title='bbox 833 370 902 410; x_wconf 88' lang='lat' dir='ltr'><strong>mus.</strong></span> <span class='ocrx_word' id='word_1_8' title='bbox 921 357 970 425; x_wconf 78' lang='lat' dir='ltr'><strong>lyr.</strong></span> <span class='ocrx_word' id='word_1_9' title='bbox 991 370 1077 411; x_wconf 87' lang='lat' dir='ltr'><strong>enarr.</strong></span> <span class='ocrx_word' id='word_1_10' title='bbox 1096 372 1162 412; x_wconf 87' lang='lat' dir='ltr'><strong>usus</strong></span> <span class='ocrx_word' id='word_1_11' title='bbox 1180 356 1224 412; x_wconf 89' lang='lat' dir='ltr'><strong>sit.</strong></span> <span class='ocrx_word' id='word_1_12' title='bbox 1261 356 1300 416; x_wconf 83' lang='lat'><strong>91</strong></span> 
     </span>
    </p>
   </div>
   <div class='ocr_carea' id='block_1_2' title="bbox 149 527 1313 3965">
    <p class='ocr_par' dir='ltr' id='par_1_2' title="bbox 149 527 1305 918">
     <span class='ocr_line' id='line_1_2' title="bbox 150 527 1305 596; baseline 0.001 -1"><span class='ocrx_word' id='word_1_13' title='bbox 150 532 302 596; x_wconf 83' lang='lat' dir='ltr'><strong>maniano</strong></span> <span class='ocrx_word' id='word_1_14' title='bbox 324 551 389 594; x_wconf 90' lang='lat' dir='ltr'><strong>nou</strong></span> <span class='ocrx_word' id='word_1_15' title='bbox 411 529 572 594; x_wconf 90' lang='lat' dir='ltr'><strong>diuersum</strong></span> <span class='ocrx_word' id='word_1_16' title='bbox 596 547 666 594; x_wconf 90' lang='lat' dir='ltr'><strong>esse</strong></span> <span class='ocrx_word' id='word_1_17' title='bbox 689 547 860 594; x_wconf 83' lang='lat' dir='ltr'><strong>sumamus.</strong></span> <span class='ocrx_word' id='word_1_18' title='bbox 894 527 978 593; x_wconf 89' lang='lat' dir='ltr'><strong>Nam</strong></span> <span class='ocrx_word' id='word_1_19' title='bbox 1000 548 1064 594; x_wconf 93' lang='lat' dir='ltr'><strong>non</strong></span> <span class='ocrx_word' id='word_1_20' title='bbox 1086 549 1184 595; x_wconf 92' lang='lat' dir='ltr'><strong>unum</strong></span> <span class='ocrx_word' id='word_1_21' title='bbox 1208 528 1305 596; x_wconf 85' lang='lat' dir='ltr'><strong>huius</strong></span> 
     </span>
     <span class='ocr_line' id='line_1_3' title="bbox 149 629 1304 714; baseline -0.001 -17"><span class='ocrx_word' id='word_1_22' title='bbox 149 633 290 697; x_wconf 89' lang='lat' dir='ltr'><strong>nominis</strong></span> <span class='ocrx_word' id='word_1_23' title='bbox 318 631 478 697; x_wconf 90' lang='lat' dir='ltr'><strong>Rhodium</strong></span> <span class='ocrx_word' id='word_1_24' title='bbox 508 631 607 696; x_wconf 86' lang='lat' dir='ltr'><strong>luisse</strong></span> <span class='ocrx_word' id='word_1_25' title='bbox 637 629 694 695; x_wconf 89' lang='lat' dir='ltr'><strong>sed</strong></span> <span class='ocrx_word' id='word_1_26' title='bbox 722 632 831 713; x_wconf 89' lang='lat' dir='ltr'><strong>plures</strong></span> <span class='ocrx_word' id='word_1_27' title='bbox 859 631 914 696; x_wconf 92' lang='lat' dir='ltr'><strong>uel</strong></span> <span class='ocrx_word' id='word_1_28' title='bbox 942 630 1017 696; x_wconf 91' lang='lat' dir='ltr'><strong>inde</strong></span> <span class='ocrx_word' id='word_1_29' title='bbox 1048 631 1189 696; x_wconf 90' lang='lat' dir='ltr'><strong>conicias</strong></span> <span class='ocrx_word' id='word_1_30' title='bbox 1218 630 1304 714; x_wconf 92' lang='lat' dir='ltr'><strong>quod</strong></span> 
     </span>
     <span class='ocr_line' id='line_1_4' title="bbox 151 724 1304 816; baseline -0.001 -17"><span class='ocrx_word' id='word_1_31' title='bbox 151 733 269 799; x_wconf 86' lang='lat' dir='ltr'><strong>Strabo</strong></span> <span class='ocrx_word' id='word_1_32' title='bbox 291 732 382 798; x_wconf 82' lang='lat' dir='ltr'><strong>addit</strong></span> <span class='ocrx_word' id='word_1_33' title='bbox 406 727 423 796; x_wconf 85' lang='grc' dir='ltr'>ὁ</span> <span class='ocrx_word' id='word_1_34' title='bbox 446 724 530 795; x_wconf 73' lang='grc' dir='ltr'><strong>καθ’</strong></span> <span class='ocrx_word' id='word_1_35' title='bbox 552 725 656 816; x_wconf 78' lang='grc' dir='ltr'><em>ἡμᾶς,</em></span> <span class='ocrx_word' id='word_1_36' title='bbox 685 732 732 796; x_wconf 91' lang='lat' dir='ltr'><strong>ita</strong></span> <span class='ocrx_word' id='word_1_37' title='bbox 754 738 788 797; x_wconf 90' lang='lat' dir='ltr'><strong>ut</strong></span> <span class='ocrx_word' id='word_1_38' title='bbox 809 752 829 796; x_wconf 94' lang='lat' dir='ltr'><strong>a</strong></span> <span class='ocrx_word' id='word_1_39' title='bbox 850 733 957 816; x_wconf 92' lang='lat' dir='ltr'><strong>priore</strong></span> <span class='ocrx_word' id='word_1_40' title='bbox 980 732 1121 815; x_wconf 89' lang='lat' dir='ltr'><strong>quodam</strong></span> <span class='ocrx_word' id='word_1_41' title='bbox 1143 732 1304 799; x_wconf 90' lang='lat' dir='ltr'><strong>Aristocle</strong></span> 
     </span>
     <span class='ocr_line' id='line_1_5' title="bbox 153 833 1086 918; baseline 0.002 -20"><span class='ocrx_word' id='word_1_42' title='bbox 153 836 232 901; x_wconf 91' lang='lat' dir='ltr'><strong>item</strong></span> <span class='ocrx_word' id='word_1_43' title='bbox 254 834 380 901; x_wconf 89' lang='lat' dir='ltr'><strong>Rhodio</strong></span> <span class='ocrx_word' id='word_1_44' title='bbox 402 836 571 917; x_wconf 87' lang='lat' dir='ltr'><strong>aequalem</strong></span> <span class='ocrx_word' id='word_1_45' title='bbox 593 854 685 900; x_wconf 91' lang='lat' dir='ltr'><strong>suum</strong></span> <span class='ocrx_word' id='word_1_46' title='bbox 707 833 904 918; x_wconf 82' lang='lat' dir='ltr'>distinguere</span> <span class='ocrx_word' id='word_1_47' title='bbox 926 834 1086 900; x_wconf 88' lang='lat' dir='ltr'><strong>uideatur.</strong></span> 
     </span>
    </p>

    <p class='ocr_par' dir='ltr' id='par_1_3' title="bbox 150 937 1312 3145">
     <span class='ocr_line' id='line_1_6' title="bbox 237 937 1304 1022; baseline -0.003 -19"><span class='ocrx_word' id='word_1_48' title='bbox 237 937 381 1003; x_wconf 89' lang='lat' dir='ltr'><strong>Rhodius</strong></span> <span class='ocrx_word' id='word_1_49' title='bbox 405 942 453 1003; x_wconf 92' lang='lat' dir='ltr'><strong>est</strong></span> <span class='ocrx_word' id='word_1_50' title='bbox 474 938 502 1002; x_wconf 92' lang='lat' dir='ltr'><strong>is</strong></span> <span class='ocrx_word' id='word_1_51' title='bbox 525 955 653 1019; x_wconf 92' lang='lat' dir='ltr'><strong>quoque</strong></span> <span class='ocrx_word' id='word_1_52' title='bbox 675 937 730 1019; x_wconf 92' lang='lat' dir='ltr'><strong>qui</strong></span> <span class='ocrx_word' id='word_1_53' title='bbox 752 937 841 1020; x_wconf 87' lang='lat' dir='ltr'><strong>apud</strong></span> <span class='ocrx_word' id='word_1_54' title='bbox 858 937 1046 1002; x_wconf 76' lang='lat' dir='ltr'><strong>Erotianum</strong></span> <span class='ocrx_word' id='word_1_55' title='bbox 1067 938 1101 1002; x_wconf 91' lang='lat' dir='ltr'><strong>in</strong></span> <span class='ocrx_word' id='word_1_56' title='bbox 1122 937 1223 1022; x_wconf 87' lang='lat' dir='ltr'><strong>praef.</strong></span> <span class='ocrx_word' id='word_1_57' title='bbox 1239 938 1304 1002; x_wconf 86' lang='lat' dir='ltr'><strong>lex.</strong></span> 
     </span>
     <span class='ocr_line' id='line_1_7' title="bbox 153 1029 1307 1123; baseline -0.002 -21"><span class='ocrx_word' id='word_1_58' title='bbox 153 1039 305 1123; x_wconf 89' lang='lat' dir='ltr'><strong>Hippocr.</strong></span> <span class='ocrx_word' id='word_1_59' title='bbox 328 1059 361 1122; x_wconf 89' lang='lat' dir='ltr'><strong>p.</strong></span> <span class='ocrx_word' id='word_1_60' title='bbox 376 1038 495 1102; x_wconf 75' lang='lat' dir='ltr'><strong>murz.</strong></span> <span class='ocrx_word' id='word_1_61' title='bbox 519 1043 802 1104; x_wconf 81' lang='lat' dir='ltr'><strong>commemoratur:</strong></span> <span class='ocrx_word' id='word_1_62' title='bbox 832 1039 899 1101; x_wconf 81' lang='grc' dir='ltr'><strong>τῶν</strong></span> <span class='ocrx_word' id='word_1_63' title='bbox 925 1036 960 1101; x_wconf 77' lang='grc' dir='ltr'><strong>δὲ</strong></span> <span class='ocrx_word' id='word_1_64' title='bbox 988 1039 1226 1122; x_wconf 79' lang='grc' dir='ltr'><em>γραμματικῶν</em></span> <span class='ocrx_word' id='word_1_65' title='bbox 1250 1029 1307 1101; x_wconf 77' lang='grc' dir='ltr'><strong>οὐκ</strong></span> 
     </span>
     <span class='ocr_line' id='line_1_8' title="bbox 152 1131 1306 1224; baseline -0.003 -20"><span class='ocrx_word' id='word_1_66' title='bbox 152 1137 242 1205; x_wconf 69' lang='grc' dir='ltr'><em>ἔστιν</em></span> <span class='ocrx_word' id='word_1_67' title='bbox 258 1131 351 1215; x_wconf 78' lang='grc' dir='ltr'><em>ὅστις</em></span> <span class='ocrx_word' id='word_1_68' title='bbox 372 1137 547 1222; x_wconf 79' lang='grc' dir='ltr'><strong><em>ἐλλόγιμος</em></strong></span> <span class='ocrx_word' id='word_1_69' title='bbox 570 1139 688 1224; x_wconf 86' lang='grc' dir='ltr'><em>φανεὶς</em></span> <span class='ocrx_word' id='word_1_70' title='bbox 710 1139 868 1224; x_wconf 71' lang='grc' dir='ltr'><em>παρῆλθε</em></span> <span class='ocrx_word' id='word_1_71' title='bbox 889 1135 947 1205; x_wconf 85' lang='grc' dir='ltr'><strong>τὸν</strong></span> <span class='ocrx_word' id='word_1_72' title='bbox 969 1133 1075 1224; x_wconf 85' lang='grc' dir='ltr'><em>άνδρα</em></span> <span class='ocrx_word' id='word_1_73' title='bbox 1097 1142 1129 1217; x_wconf 89' lang='lat' dir='ltr'><strong>(i.</strong></span> <span class='ocrx_word' id='word_1_74' title='bbox 1146 1159 1173 1206; x_wconf 92' lang='lat' dir='ltr'><strong>e.</strong></span> <span class='ocrx_word' id='word_1_75' title='bbox 1189 1133 1306 1204; x_wconf 78' lang='grc' dir='ltr'><em>Ἱππο-</em></span> 
     </span>
     <span class='ocr_line' id='line_1_9' title="bbox 150 1231 1305 1328; baseline -0.001 -23"><span class='ocrx_word' id='word_1_76' title='bbox 150 1240 277 1328; x_wconf 84' lang='grc' dir='ltr'><em>κράτη).</em></span> <span class='ocrx_word' id='word_1_77' title='bbox 330 1242 399 1304; x_wconf 84' lang='grc' dir='ltr'><strong>Καὶ</strong></span> <span class='ocrx_word' id='word_1_78' title='bbox 432 1238 495 1325; x_wconf 86' lang='grc' dir='ltr'><strong>γὰρ</strong></span> <span class='ocrx_word' id='word_1_79' title='bbox 527 1234 544 1304; x_wconf 83' lang='grc' dir='ltr'>ὁ</span> <span class='ocrx_word' id='word_1_80' title='bbox 577 1231 818 1322; x_wconf 71' lang='grc' dir='ltr'><em>ἀναλεξάμενος</em></span> <span class='ocrx_word' id='word_1_81' title='bbox 851 1234 951 1306; x_wconf 76' lang='grc' dir='ltr'><em>αὐτὸν</em></span> <span class='ocrx_word' id='word_1_82' title='bbox 981 1234 1158 1326; x_wconf 75' lang='grc' dir='ltr'><em>Εὐφορίων</em></span> <span class='ocrx_word' id='word_1_83' title='bbox 1191 1242 1305 1304; x_wconf 79' lang='grc' dir='ltr'><em>πᾶσαν</em></span> 
     </span>
     <span class='ocr_line' id='line_1_10' title="bbox 152 1334 1306 1426; baseline -0.001 -19"><span class='ocrx_word' id='word_1_84' title='bbox 152 1340 345 1407; x_wconf 78' lang='grc' dir='ltr'><em>ἐσπούδασε</em></span> <span class='ocrx_word' id='word_1_85' title='bbox 376 1339 465 1416; x_wconf 82' lang='grc' dir='ltr'><strong><em>λέξιν</em></strong></span> <span class='ocrx_word' id='word_1_86' title='bbox 492 1337 720 1426; x_wconf 74' lang='grc' dir='ltr'><em>ἐξηγήσασθαι</em></span> <span class='ocrx_word' id='word_1_87' title='bbox 751 1339 807 1407; x_wconf 80' lang='grc' dir='ltr'><strong>διά</strong></span> <span class='ocrx_word' id='word_1_88' title='bbox 837 1342 977 1424; x_wconf 79' lang='grc' dir='ltr'><em>βιβλίων</em></span> <span class='ocrx_word' id='word_1_89' title='bbox 1000 1339 1050 1417; x_wconf 73' lang='grc' dir='ltr'><strong>ἕξ·</strong></span> <span class='ocrx_word' id='word_1_90' title='bbox 1080 1339 1129 1406; x_wconf 68' lang='grc' dir='ltr'><strong>ἔτι</strong></span> <span class='ocrx_word' id='word_1_91' title='bbox 1158 1340 1193 1405; x_wconf 79' lang='grc' dir='ltr'><strong>δὲ</strong></span> <span class='ocrx_word' id='word_1_92' title='bbox 1215 1334 1306 1426; x_wconf 76' lang='grc' dir='ltr'><em>Ἀρί-</em></span> 
     </span>
     <span class='ocr_line' id='line_1_11' title="bbox 154 1434 1306 1529; baseline -0.001 -22"><span class='ocrx_word' id='word_1_93' title='bbox 154 1459 312 1525; x_wconf 88' lang='grc' dir='ltr'><em>σταρχος·</em></span> <span class='ocrx_word' id='word_1_94' title='bbox 336 1443 415 1526; x_wconf 79' lang='grc' dir='ltr'><em>περὶ</em></span> <span class='ocrx_word' id='word_1_95' title='bbox 430 1434 476 1505; x_wconf 81' lang='grc' dir='ltr'><strong>ὦν</strong></span> <span class='ocrx_word' id='word_1_96' title='bbox 489 1439 697 1528; x_wconf 79' lang='grc' dir='ltr'><em>γεγράφασιν</em></span> <span class='ocrx_word' id='word_1_97' title='bbox 711 1435 924 1529; x_wconf 80' lang='grc' dir='ltr'><em>Ἀριστοκλῆς</em></span> <span class='ocrx_word' id='word_1_98' title='bbox 945 1442 1000 1506; x_wconf 83' lang='grc' dir='ltr'><strong>καί</strong></span> <span class='ocrx_word' id='word_1_99' title='bbox 1016 1435 1251 1528; x_wconf 80' lang='grc' dir='ltr'><em>Ἀριο[το]τέας</em></span> <span class='ocrx_word' id='word_1_100' title='bbox 1274 1441 1306 1506; x_wconf 82' lang='lat' dir='ltr'><strong>ol</strong></span> 
     </span>
     <span class='ocr_line' id='line_1_12' title="bbox 151 1536 1307 1629; baseline -0.003 -19"><span class='ocrx_word' id='word_1_101' title='bbox 151 1539 290 1610; x_wconf 78' lang='grc' dir='ltr'><em>Ῥόδιοι.</em></span> <span class='ocrx_word' id='word_1_102' title='bbox 326 1545 380 1608; x_wconf 82' lang='grc' dir='ltr'><strong>καὶ</strong></span> <span class='ocrx_word' id='word_1_103' title='bbox 402 1539 486 1624; x_wconf 82' lang='grc' dir='ltr'><em>μετὰ</em></span> <span class='ocrx_word' id='word_1_104' title='bbox 508 1541 641 1620; x_wconf 75' lang='grc' dir='ltr'><em>πάντας</em></span> <span class='ocrx_word' id='word_1_105' title='bbox 654 1536 844 1629; x_wconf 76' lang='grc' dir='ltr'><em>Ἀντίγονος</em></span> <span class='ocrx_word' id='word_1_106' title='bbox 864 1545 920 1608; x_wconf 88' lang='grc' dir='ltr'><strong>καὶ</strong></span> <span class='ocrx_word' id='word_1_107' title='bbox 933 1542 1084 1626; x_wconf 78' lang='grc' dir='ltr'><em>Δίδυμος</em></span> <span class='ocrx_word' id='word_1_108' title='bbox 1107 1543 1140 1608; x_wconf 80' lang='grc' dir='ltr'><strong>οἱ</strong></span> <span class='ocrx_word' id='word_1_109' title='bbox 1154 1538 1307 1619; x_wconf 79' lang='grc' dir='ltr'><em>Ἀλεξαν-</em></span> 
     </span>
     <span class='ocr_line' id='line_1_13' title="bbox 155 1637 1307 1731; baseline 0.001 -21"><span class='ocrx_word' id='word_1_110' title='bbox 155 1646 254 1731; x_wconf 78' lang='grc' dir='ltr'><em>δρεῖς.</em></span> <span class='ocrx_word' id='word_1_111' title='bbox 270 1683 312 1692; x_wconf 94' lang='lat'>-</span> <span class='ocrx_word' id='word_1_112' title='bbox 327 1646 434 1712; x_wconf 86' lang='lat' dir='ltr'><strong>Verba</strong></span> <span class='ocrx_word' id='word_1_113' title='bbox 449 1642 499 1710; x_wconf 71' lang='grc' dir='ltr'><strong>ἔτι</strong></span> <span class='ocrx_word' id='word_1_114' title='bbox 514 1643 550 1709; x_wconf 78' lang='grc' dir='ltr'><strong>δὲ</strong></span> <span class='ocrx_word' id='word_1_115' title='bbox 564 1637 780 1730; x_wconf 78' lang='grc' dir='ltr'><em>Ἀρίσταρχος</em></span> <span class='ocrx_word' id='word_1_116' title='bbox 796 1648 837 1712; x_wconf 91' lang='grc' dir='ltr'><strong>Μ.</strong></span> <span class='ocrx_word' id='word_1_117' title='bbox 850 1645 997 1713; x_wconf 78' lang='lat' dir='ltr'><strong>Schmidt</strong></span> <span class='ocrx_word' id='word_1_118' title='bbox 1011 1647 1086 1713; x_wconf 90' lang='lat' dir='ltr'><strong>Did.</strong></span> <span class='ocrx_word' id='word_1_119' title='bbox 1102 1667 1134 1730; x_wconf 89' lang='lat' dir='ltr'><strong>p.</strong></span> <span class='ocrx_word' id='word_1_120' title='bbox 1147 1649 1188 1709; x_wconf 80' lang='lat'><strong>24</strong></span> <span class='ocrx_word' id='word_1_121' title='bbox 1207 1652 1307 1711; x_wconf 84' lang='lat' dir='ltr'><strong>trans·</strong></span> 
     </span>
     <span class='ocr_line' id='line_1_14' title="bbox 152 1742 1309 1833; baseline -0.003 -19"><span class='ocrx_word' id='word_1_122' title='bbox 152 1748 304 1832; x_wconf 87' lang='lat' dir='ltr'><strong>ponenda</strong></span> <span class='ocrx_word' id='word_1_123' title='bbox 327 1747 441 1814; x_wconf 82' lang='lat' dir='ltr'><strong>suadet</strong></span> <span class='ocrx_word' id='word_1_124' title='bbox 463 1754 537 1831; x_wconf 91' lang='lat' dir='ltr'><strong>post</strong></span> <span class='ocrx_word' id='word_1_125' title='bbox 559 1749 617 1813; x_wconf 91' lang='lat' dir='ltr'><strong>illa</strong></span> <span class='ocrx_word' id='word_1_126' title='bbox 638 1748 739 1814; x_wconf 88' lang='lat' dir='ltr'><strong>uerba</strong></span> <span class='ocrx_word' id='word_1_127' title='bbox 761 1746 795 1812; x_wconf 82' lang='lat' dir='ltr'><strong>oi</strong></span> <span class='ocrx_word' id='word_1_128' title='bbox 814 1742 953 1831; x_wconf 81' lang='grc' dir='ltr'><em>Ῥόδιοι,</em></span> <span class='ocrx_word' id='word_1_129' title='bbox 982 1749 1119 1833; x_wconf 82' lang='lat' dir='ltr'><strong>fortasse</strong></span> <span class='ocrx_word' id='word_1_130' title='bbox 1141 1753 1244 1830; x_wconf 88' lang='lat' dir='ltr'><strong>recte,</strong></span> <span class='ocrx_word' id='word_1_131' title='bbox 1273 1751 1309 1812; x_wconf 92' lang='lat' dir='ltr'><strong>ut</strong></span> 
     </span>
     <span class='ocr_line' id='line_1_15' title="bbox 152 1847 1308 1933; baseline -0.002 -19"><span class='ocrx_word' id='word_1_132' title='bbox 152 1849 195 1914; x_wconf 92' lang='lat' dir='ltr'><strong>de</strong></span> <span class='ocrx_word' id='word_1_133' title='bbox 223 1851 317 1916; x_wconf 90' lang='lat' dir='ltr'><strong>unius</strong></span> <span class='ocrx_word' id='word_1_134' title='bbox 345 1847 561 1933; x_wconf 83' lang='lat' dir='ltr'><strong>Euphorionis</strong></span> <span class='ocrx_word' id='word_1_135' title='bbox 590 1850 697 1933; x_wconf 81' lang='lat' dir='ltr'><strong>libris,</strong></span> <span class='ocrx_word' id='word_1_136' title='bbox 725 1870 791 1915; x_wconf 90' lang='lat' dir='ltr'><strong>non</strong></span> <span class='ocrx_word' id='word_1_137' title='bbox 818 1851 895 1915; x_wconf 92' lang='lat' dir='ltr'><strong>item</strong></span> <span class='ocrx_word' id='word_1_138' title='bbox 923 1848 965 1914; x_wconf 94' lang='lat' dir='ltr'><strong>de</strong></span> <span class='ocrx_word' id='word_1_139' title='bbox 986 1847 1165 1915; x_wconf 75' lang='lat' dir='ltr'><strong>Aristarchi</strong></span> <span class='ocrx_word' id='word_1_140' title='bbox 1193 1847 1308 1914; x_wconf 90' lang='lat' dir='ltr'><strong>studiis</strong></span> 
     </span>
     <span class='ocr_line' id='line_1_16' title="bbox 152 1950 1309 2035; baseline 0.001 -20"><span class='ocrx_word' id='word_1_141' title='bbox 152 1952 382 2035; x_wconf 88' lang='lat' dir='ltr'><strong>Hippocrateis</strong></span> <span class='ocrx_word' id='word_1_142' title='bbox 412 1951 575 2034; x_wconf 86' lang='lat' dir='ltr'><strong>scripserit</strong></span> <span class='ocrx_word' id='word_1_143' title='bbox 596 1951 781 2018; x_wconf 82' lang='lat' dir='ltr'><strong>Aristocles.</strong></span> <span class='ocrx_word' id='word_1_144' title='bbox 827 1950 894 2017; x_wconf 86' lang='lat' dir='ltr'><strong>Sed</strong></span> <span class='ocrx_word' id='word_1_145' title='bbox 919 1955 994 2016; x_wconf 88' lang='lat' dir='ltr'><strong>ante</strong></span> <span class='ocrx_word' id='word_1_146' title='bbox 1015 1950 1192 2033; x_wconf 89' lang='lat' dir='ltr'><strong>Didymum</strong></span> <span class='ocrx_word' id='word_1_147' title='bbox 1222 1957 1309 2016; x_wconf 87' lang='lat' dir='ltr'><strong>certe</strong></span> 
     </span>
     <span class='ocr_line' id='line_1_17' title="bbox 153 2048 1309 2136; baseline -0.002 -17"><span class='ocrx_word' id='word_1_148' title='bbox 153 2089 196 2099; x_wconf 89' lang='lat'><em>-</em></span> <span class='ocrx_word' id='word_1_149' title='bbox 221 2052 468 2119; x_wconf 82' lang='lat' dir='ltr'><strong>Chalcenterum</strong></span> <span class='ocrx_word' id='word_1_150' title='bbox 485 2052 649 2135; x_wconf 90' lang='lat' dir='ltr'><strong>uidelicet,</strong></span> <span class='ocrx_word' id='word_1_151' title='bbox 670 2073 746 2117; x_wconf 91' lang='lat' dir='ltr'><strong>nam</strong></span> <span class='ocrx_word' id='word_1_152' title='bbox 759 2073 823 2118; x_wconf 92' lang='lat' dir='ltr'><strong>non</strong></span> <span class='ocrx_word' id='word_1_153' title='bbox 839 2059 896 2136; x_wconf 87' lang='lat' dir='ltr'><strong>cst,</strong></span> <span class='ocrx_word' id='word_1_154' title='bbox 920 2073 983 2136; x_wconf 90' lang='lat' dir='ltr'><strong>quo</strong></span> <span class='ocrx_word' id='word_1_155' title='bbox 1005 2048 1063 2116; x_wconf 84' lang='grc' dir='ltr'><strong>τὸν</strong></span> <span class='ocrx_word' id='word_1_156' title='bbox 1080 2050 1239 2136; x_wconf 84' lang='grc' dir='ltr'><em>νεώτερον</em></span> <span class='ocrx_word' id='word_1_157' title='bbox 1261 2053 1309 2117; x_wconf 93' lang='lat' dir='ltr'><strong>iu·</strong></span> 
     </span>
     <span class='ocr_line' id='line_1_18' title="bbox 154 2154 1310 2240; baseline 0 -20"><span class='ocrx_word' id='word_1_158' title='bbox 154 2156 311 2239; x_wconf 82' lang='lat' dir='ltr'><strong>tellegere</strong></span> <span class='ocrx_word' id='word_1_159' title='bbox 334 2173 486 2236; x_wconf 84' lang='lat' dir='ltr'><strong>cogamur</strong></span> <span class='ocrx_word' id='word_1_160' title='bbox 508 2188 550 2198; x_wconf 93' lang='lat'><em>-</em></span> <span class='ocrx_word' id='word_1_161' title='bbox 572 2154 737 2238; x_wconf 83' lang='lat' dir='ltr'><strong>scripsisse</strong></span> <span class='ocrx_word' id='word_1_162' title='bbox 763 2155 954 2222; x_wconf 91' lang='lat' dir='ltr'><strong>iudicandus</strong></span> <span class='ocrx_word' id='word_1_163' title='bbox 977 2162 1025 2221; x_wconf 89' lang='lat' dir='ltr'><strong>est</strong></span> <span class='ocrx_word' id='word_1_164' title='bbox 1053 2160 1185 2240; x_wconf 90' lang='lat' dir='ltr'><strong>propter</strong></span> <span class='ocrx_word' id='word_1_165' title='bbox 1208 2155 1310 2220; x_wconf 88' lang='lat' dir='ltr'><strong>uerba</strong></span> 
     </span>
     <span class='ocr_line' id='line_1_19' title="bbox 153 2251 1309 2339; baseline -0.002 -16"><span class='ocrx_word' id='word_1_166' title='bbox 153 2256 323 2339; x_wconf 89' lang='lat' dir='ltr'><strong>sequentia</strong></span> <span class='ocrx_word' id='word_1_167' title='bbox 336 2254 393 2318; x_wconf 82' lang='grc' dir='ltr'><strong>καί</strong></span> <span class='ocrx_word' id='word_1_168' title='bbox 407 2251 492 2336; x_wconf 81' lang='grc' dir='ltr'><em>μετὰ</em></span> <span class='ocrx_word' id='word_1_169' title='bbox 507 2252 640 2330; x_wconf 77' lang='grc' dir='ltr'><em>πάντας</em></span> <span class='ocrx_word' id='word_1_170' title='bbox 654 2255 722 2318; x_wconf 84' lang='grc' dir='ltr'><em>κτλ.</em></span> <span class='ocrx_word' id='word_1_171' title='bbox 756 2256 849 2322; x_wconf 89' lang='lat' dir='ltr'><strong>Hunc</strong></span> <span class='ocrx_word' id='word_1_172' title='bbox 859 2255 1017 2322; x_wconf 89' lang='lat' dir='ltr'><strong>Athenaei</strong></span> <span class='ocrx_word' id='word_1_173' title='bbox 1029 2256 1222 2323; x_wconf 89' lang='lat' dir='ltr'><strong>Aristoclem</strong></span> <span class='ocrx_word' id='word_1_174' title='bbox 1237 2274 1309 2323; x_wconf 90' lang='lat' dir='ltr'><strong>esse</strong></span> 
     </span>
     <span class='ocr_line' id='line_1_20' title="bbox 152 2356 1309 2442; baseline -0.003 -19"><span class='ocrx_word' id='word_1_175' title='bbox 152 2364 241 2442; x_wconf 87' lang='lat' dir='ltr'><strong>puto.</strong></span> <span class='ocrx_word' id='word_1_176' title='bbox 285 2356 536 2422; x_wconf 77' lang='lat' dir='ltr'><strong>Commendatur</strong></span> <span class='ocrx_word' id='word_1_177' title='bbox 557 2356 620 2422; x_wconf 92' lang='lat' dir='ltr'><strong>hoc</strong></span> <span class='ocrx_word' id='word_1_178' title='bbox 642 2377 681 2422; x_wconf 93' lang='lat' dir='ltr'><strong>ec</strong></span> <span class='ocrx_word' id='word_1_179' title='bbox 705 2357 792 2440; x_wconf 92' lang='lat' dir='ltr'><strong>quod</strong></span> <span class='ocrx_word' id='word_1_180' title='bbox 815 2363 847 2423; x_wconf 88' lang='lat' dir='ltr'><strong>ct</strong></span> <span class='ocrx_word' id='word_1_181' title='bbox 868 2358 955 2440; x_wconf 88' lang='lat' dir='ltr'><strong>apud</strong></span> <span class='ocrx_word' id='word_1_182' title='bbox 971 2358 1145 2423; x_wconf 89' lang='lat' dir='ltr'><strong>Varronem</strong></span> <span class='ocrx_word' id='word_1_183' title='bbox 1167 2356 1209 2422; x_wconf 90' lang='lat' dir='ltr'><strong>de</strong></span> <span class='ocrx_word' id='word_1_184' title='bbox 1230 2357 1309 2440; x_wconf 80' lang='lat' dir='ltr'><strong>ling.</strong></span> 
     </span>
     <span class='ocr_line' id='line_1_21' title="bbox 152 2458 1310 2544; baseline 0 -20"><span class='ocrx_word' id='word_1_185' title='bbox 152 2461 208 2525; x_wconf 90' lang='lat' dir='ltr'><strong>lat.</strong></span> <span class='ocrx_word' id='word_1_186' title='bbox 224 2461 267 2542; x_wconf 87' lang='lat' dir='ltr'><strong>X,</strong></span> <span class='ocrx_word' id='word_1_187' title='bbox 281 2464 321 2524; x_wconf 85' lang='grc'><strong>74</strong></span> <span class='ocrx_word' id='word_1_188' title='bbox 343 2480 376 2543; x_wconf 89' lang='lat' dir='ltr'><strong>p.</strong></span> <span class='ocrx_word' id='word_1_189' title='bbox 390 2459 493 2524; x_wconf 81' lang='lat' dir='ltr'><strong>261M</strong></span> <span class='ocrx_word' id='word_1_190' title='bbox 514 2458 690 2525; x_wconf 90' lang='lat' dir='ltr'><strong>Aristocles</strong></span> <span class='ocrx_word' id='word_1_191' title='bbox 714 2465 746 2525; x_wconf 91' lang='lat' dir='ltr'><strong>et</strong></span> <span class='ocrx_word' id='word_1_192' title='bbox 759 2460 904 2526; x_wconf 89' lang='lat' dir='ltr'><strong>Aristeas</strong></span> <span class='ocrx_word' id='word_1_193' title='bbox 926 2461 1126 2544; x_wconf 79' lang='lat' dir='ltr'><strong>grammatici</strong></span> <span class='ocrx_word' id='word_1_194' title='bbox 1149 2460 1310 2527; x_wconf 87' lang='lat' dir='ltr'><strong>coniuncti</strong></span> 
     </span>
     <span class='ocr_line' id='line_1_22' title="bbox 154 2552 1310 2646; baseline -0.003 -20"><span class='ocrx_word' id='word_1_195' title='bbox 154 2569 312 2646; x_wconf 86' lang='lat' dir='ltr'><strong>apparent</strong></span> <span class='ocrx_word' id='word_1_196' title='bbox 334 2567 367 2627; x_wconf 90' lang='lat' dir='ltr'><strong>et</strong></span> <span class='ocrx_word' id='word_1_197' title='bbox 388 2560 476 2645; x_wconf 90' lang='lat' dir='ltr'><strong>apud</strong></span> <span class='ocrx_word' id='word_1_198' title='bbox 490 2559 692 2626; x_wconf 88' lang='lat' dir='ltr'><strong>Athenaeum</strong></span> <span class='ocrx_word' id='word_1_199' title='bbox 712 2552 885 2645; x_wconf 83' lang='grc' dir='ltr'><em>Ἀριστέας</em></span> <span class='ocrx_word' id='word_1_200' title='bbox 909 2563 1050 2645; x_wconf 90' lang='lat' dir='ltr'><strong>quidam,</strong></span> <span class='ocrx_word' id='word_1_201' title='bbox 1074 2564 1129 2644; x_wconf 90' lang='lat' dir='ltr'><strong>qui</strong></span> <span class='ocrx_word' id='word_1_202' title='bbox 1151 2585 1188 2626; x_wconf 77' lang='grc' dir='ltr'><strong>τι.</strong></span> <span class='ocrx_word' id='word_1_203' title='bbox 1207 2563 1310 2625; x_wconf 74' lang='grc' dir='ltr'><em>κιθα-</em></span> 
     </span>
     <span class='ocr_line' id='line_1_23' title="bbox 154 2661 1311 2749; baseline -0.001 -23"><span class='ocrx_word' id='word_1_204' title='bbox 154 2662 272 2749; x_wconf 78' lang='grc' dir='ltr'><em>ρῳδῶν</em></span> <span class='ocrx_word' id='word_1_205' title='bbox 296 2664 476 2746; x_wconf 89' lang='lat' dir='ltr'><strong>scripserit,</strong></span> <span class='ocrx_word' id='word_1_206' title='bbox 498 2661 647 2727; x_wconf 89' lang='lat' dir='ltr'><strong>laudatur</strong></span> <span class='ocrx_word' id='word_1_207' title='bbox 669 2663 756 2745; x_wconf 89' lang='lat' dir='ltr'>XIV,</span> <span class='ocrx_word' id='word_1_208' title='bbox 769 2662 863 2728; x_wconf 74' lang='lat' dir='ltr'><strong>cred</strong></span> <span class='ocrx_word' id='word_1_209' title='bbox 884 2664 918 2726; x_wconf 91' lang='lat' dir='ltr'><strong>in</strong></span> <span class='ocrx_word' id='word_1_210' title='bbox 940 2663 1106 2728; x_wconf 89' lang='lat' dir='ltr'><strong>Aristoelis</strong></span> <span class='ocrx_word' id='word_1_211' title='bbox 1129 2663 1311 2743; x_wconf 88' lang='lat' dir='ltr'><strong>uicinitate;</strong></span> 
     </span>
     <span class='ocr_line' id='line_1_24' title="bbox 154 2754 1312 2846; baseline -0.003 -16"><span class='ocrx_word' id='word_1_212' title='bbox 154 2765 241 2830; x_wconf 90' lang='lat' dir='ltr'><strong>unde</strong></span> <span class='ocrx_word' id='word_1_213' title='bbox 256 2765 402 2830; x_wconf 82' lang='lat' dir='ltr'><strong>Erotiani</strong></span> <span class='ocrx_word' id='word_1_214' title='bbox 422 2764 496 2828; x_wconf 92' lang='lat' dir='ltr'><strong>loco</strong></span> <span class='ocrx_word' id='word_1_215' title='bbox 515 2782 573 2846; x_wconf 89' lang='lat' dir='ltr'><strong>pro</strong></span> <span class='ocrx_word' id='word_1_216' title='bbox 591 2761 709 2826; x_wconf 89' lang='lat' dir='ltr'><strong>tradito</strong></span> <span class='ocrx_word' id='word_1_217' title='bbox 724 2754 946 2845; x_wconf 81' lang='grc' dir='ltr'><em>Ἀριστοτίας,</em></span> <span class='ocrx_word' id='word_1_218' title='bbox 970 2761 1056 2843; x_wconf 90' lang='lat' dir='ltr'><strong>quod</strong></span> <span class='ocrx_word' id='word_1_219' title='bbox 1077 2763 1189 2844; x_wconf 92' lang='lat' dir='ltr'><strong>procul</strong></span> <span class='ocrx_word' id='word_1_220' title='bbox 1211 2761 1312 2827; x_wconf 94' lang='lat' dir='ltr'><strong>dubio</strong></span> 
     </span>
     <span class='ocr_line' id='line_1_25' title="bbox 155 2854 1311 2950; baseline -0.002 -19"><span class='ocrx_word' id='word_1_221' title='bbox 155 2872 340 2950; x_wconf 87' lang='lat' dir='ltr'><strong>corruptum</strong></span> <span class='ocrx_word' id='word_1_222' title='bbox 364 2870 429 2947; x_wconf 89' lang='lat' dir='ltr'><strong>est,</strong></span> <span class='ocrx_word' id='word_1_223' title='bbox 453 2864 575 2948; x_wconf 88' lang='lat' dir='ltr'><strong>optima</strong></span> <span class='ocrx_word' id='word_1_224' title='bbox 597 2864 721 2928; x_wconf 88' lang='lat' dir='ltr'><strong>ratione</strong></span> <span class='ocrx_word' id='word_1_225' title='bbox 743 2854 916 2948; x_wconf 77' lang='grc' dir='ltr'><em>Ἀριστέας</em></span> <span class='ocrx_word' id='word_1_226' title='bbox 938 2863 1077 2929; x_wconf 91' lang='lat' dir='ltr'><strong>restituit</strong></span> <span class='ocrx_word' id='word_1_227' title='bbox 1098 2863 1139 2927; x_wconf 92' lang='lat' dir='ltr'><strong>M.</strong></span> <span class='ocrx_word' id='word_1_228' title='bbox 1164 2861 1311 2929; x_wconf 87' lang='lat' dir='ltr'><strong>Schmidt</strong></span> 
     </span>
     <span class='ocr_line' id='line_1_26' title="bbox 154 2965 1310 3049; baseline 0.001 -19"><span class='ocrx_word' id='word_1_229' title='bbox 154 2968 209 3031; x_wconf 88' lang='lat' dir='ltr'><strong>l.l.</strong></span> <span class='ocrx_word' id='word_1_230' title='bbox 233 2967 412 3033; x_wconf 91' lang='lat' dir='ltr'><strong>studiorum</strong></span> <span class='ocrx_word' id='word_1_231' title='bbox 434 2966 538 3031; x_wconf 90' lang='lat' dir='ltr'><strong>socios</strong></span> <span class='ocrx_word' id='word_1_232' title='bbox 568 2984 696 3049; x_wconf 91' lang='lat' dir='ltr'><strong>semper</strong></span> <span class='ocrx_word' id='word_1_233' title='bbox 722 2965 822 3031; x_wconf 86' lang='lat' dir='ltr'><strong>fuisse</strong></span> <span class='ocrx_word' id='word_1_234' title='bbox 851 2970 937 3030; x_wconf 90' lang='lat' dir='ltr'><strong>ratus</strong></span> <span class='ocrx_word' id='word_1_235' title='bbox 959 2965 1153 3030; x_wconf 89' lang='lat' dir='ltr'><strong>Aristoclem</strong></span> <span class='ocrx_word' id='word_1_236' title='bbox 1184 2971 1216 3031; x_wconf 91' lang='lat' dir='ltr'><strong>et</strong></span> <span class='ocrx_word' id='word_1_237' title='bbox 1237 2966 1310 3031; x_wconf 89' lang='lat' dir='ltr'><strong>Ari·</strong></span> 
     </span>
     <span class='ocr_line' id='line_1_27' title="bbox 153 3067 1040 3145; baseline -0.003 -10"><span class='ocrx_word' id='word_1_238' title='bbox 153 3078 257 3135; x_wconf 91' lang='lat' dir='ltr'><strong>steam</strong></span> <span class='ocrx_word' id='word_1_239' title='bbox 278 3072 433 3145; x_wconf 87' lang='lat' dir='ltr'><strong>(ceterum</strong></span> <span class='ocrx_word' id='word_1_240' title='bbox 455 3067 606 3133; x_wconf 91' lang='lat' dir='ltr'><strong>Varronis</strong></span> <span class='ocrx_word' id='word_1_241' title='bbox 628 3068 811 3133; x_wconf 89' lang='lat' dir='ltr'><strong>testimonio</strong></span> <span class='ocrx_word' id='word_1_242' title='bbox 832 3087 897 3132; x_wconf 91' lang='lat' dir='ltr'><strong>non</strong></span> <span class='ocrx_word' id='word_1_243' title='bbox 919 3068 1040 3144; x_wconf 88' lang='lat' dir='ltr'><strong>allato).</strong></span> 
     </span>
    </p>

    <p class='ocr_par' dir='ltr' id='par_1_4' title="bbox 155 3167 1309 3357">
     <span class='ocr_line' id='line_1_28' title="bbox 240 3167 1309 3253; baseline -0.001 -17"><span class='ocrx_word' id='word_1_244' title='bbox 240 3170 387 3237; x_wconf 88' lang='lat' dir='ltr'><strong>Rhodius</strong></span> <span class='ocrx_word' id='word_1_245' title='bbox 401 3169 540 3253; x_wconf 91' lang='lat' dir='ltr'><strong>denique</strong></span> <span class='ocrx_word' id='word_1_246' title='bbox 564 3175 613 3236; x_wconf 90' lang='lat' dir='ltr'><strong>est</strong></span> <span class='ocrx_word' id='word_1_247' title='bbox 633 3167 743 3235; x_wconf 87' lang='lat' dir='ltr'><strong>rhetor</strong></span> <span class='ocrx_word' id='word_1_248' title='bbox 765 3169 821 3234; x_wconf 91' lang='lat' dir='ltr'><strong>ille</strong></span> <span class='ocrx_word' id='word_1_249' title='bbox 835 3167 1011 3235; x_wconf 87' lang='lat' dir='ltr'><strong>Aristocles</strong></span> <span class='ocrx_word' id='word_1_250' title='bbox 1027 3169 1114 3253; x_wconf 90' lang='lat' dir='ltr'><strong>apud</strong></span> <span class='ocrx_word' id='word_1_251' title='bbox 1130 3169 1225 3235; x_wconf 91' lang='lat' dir='ltr'><strong>Dion.</strong></span> <span class='ocrx_word' id='word_1_252' title='bbox 1242 3169 1309 3235; x_wconf 90' lang='lat' dir='ltr'><strong>iud.</strong></span> 
     </span>
     <span class='ocr_line' id='line_1_29' title="bbox 155 3269 1145 3357; baseline -0.004 -19"><span class='ocrx_word' id='word_1_253' title='bbox 155 3273 198 3338; x_wconf 90' lang='lat' dir='ltr'><strong>de</strong></span> <span class='ocrx_word' id='word_1_254' title='bbox 221 3272 386 3338; x_wconf 90' lang='lat' dir='ltr'><strong>Dinarcho</strong></span> <span class='ocrx_word' id='word_1_255' title='bbox 410 3293 481 3357; x_wconf 90' lang='lat' dir='ltr'><strong>cap.</strong></span> <span class='ocrx_word' id='word_1_256' title='bbox 498 3274 532 3355; x_wconf 81' lang='lat'><strong>83</strong></span> <span class='ocrx_word' id='word_1_257' title='bbox 556 3271 615 3338; x_wconf 90' lang='lat' dir='ltr'><strong>sed</strong></span> <span class='ocrx_word' id='word_1_258' title='bbox 638 3271 679 3337; x_wconf 91' lang='lat' dir='ltr'><strong>de</strong></span> <span class='ocrx_word' id='word_1_259' title='bbox 701 3270 764 3336; x_wconf 92' lang='lat' dir='ltr'><strong>hoc</strong></span> <span class='ocrx_word' id='word_1_260' title='bbox 785 3269 867 3335; x_wconf 90' lang='lat' dir='ltr'><strong>nihil</strong></span> <span class='ocrx_word' id='word_1_261' title='bbox 889 3271 966 3335; x_wconf 89' lang='lat' dir='ltr'><strong>licet</strong></span> <span class='ocrx_word' id='word_1_262' title='bbox 988 3273 1145 3336; x_wconf 90' lang='lat' dir='ltr'><strong>conicere.</strong></span> 
     </span>
    </p>

    <p class='ocr_par' dir='ltr' id='par_1_5' title="bbox 157 3370 1313 3965">
     <span class='ocr_line' id='line_1_30' title="bbox 242 3370 1309 3457; baseline 0 -18"><span class='ocrx_word' id='word_1_263' title='bbox 242 3375 477 3441; x_wconf 80' lang='lat' dir='ltr'><strong>Grammaticos</strong></span> <span class='ocrx_word' id='word_1_264' title='bbox 491 3379 661 3456; x_wconf 87' lang='lat' dir='ltr'><strong>praeterea</strong></span> <span class='ocrx_word' id='word_1_265' title='bbox 674 3374 821 3438; x_wconf 91' lang='lat' dir='ltr'><strong>nouimus</strong></span> <span class='ocrx_word' id='word_1_266' title='bbox 843 3370 938 3438; x_wconf 88' lang='lat' dir='ltr'><strong>huius</strong></span> <span class='ocrx_word' id='word_1_267' title='bbox 960 3372 1098 3438; x_wconf 91' lang='lat' dir='ltr'><strong>nominis</strong></span> <span class='ocrx_word' id='word_1_268' title='bbox 1114 3373 1309 3457; x_wconf 89' lang='lat' dir='ltr'><strong>complures:</strong></span> 
     </span>
     <span class='ocr_line' id='line_1_31' title="bbox 158 3474 1310 3559; baseline 0.003 -20"><span class='ocrx_word' id='word_1_269' title='bbox 158 3496 248 3559; x_wconf 86' lang='lat' dir='ltr'><strong>quos,</strong></span> <span class='ocrx_word' id='word_1_270' title='bbox 272 3496 343 3541; x_wconf 91' lang='lat' dir='ltr'><strong>cum</strong></span> <span class='ocrx_word' id='word_1_271' title='bbox 365 3475 447 3540; x_wconf 92' lang='lat' dir='ltr'><strong>nihil</strong></span> <span class='ocrx_word' id='word_1_272' title='bbox 469 3476 607 3541; x_wconf 87' lang='lat' dir='ltr'><strong>sciamus</strong></span> <span class='ocrx_word' id='word_1_273' title='bbox 631 3474 717 3557; x_wconf 91' lang='lat' dir='ltr'><strong>quod</strong></span> <span class='ocrx_word' id='word_1_274' title='bbox 741 3494 906 3540; x_wconf 88' lang='lat' dir='ltr'><strong>commune</strong></span> <span class='ocrx_word' id='word_1_275' title='bbox 929 3474 1068 3540; x_wconf 91' lang='lat' dir='ltr'><strong>habeant</strong></span> <span class='ocrx_word' id='word_1_276' title='bbox 1092 3495 1164 3542; x_wconf 91' lang='lat' dir='ltr'><strong>cum</strong></span> <span class='ocrx_word' id='word_1_277' title='bbox 1180 3484 1310 3543; x_wconf 87' lang='lat' dir='ltr'><strong>auctore</strong></span> 
     </span>
     <span class='ocr_line' id='line_1_32' title="bbox 157 3577 1311 3660; baseline -0.003 -17"><span class='ocrx_word' id='word_1_278' title='bbox 157 3579 295 3660; x_wconf 90' lang='lat' dir='ltr'><strong>musico,</strong></span> <span class='ocrx_word' id='word_1_279' title='bbox 324 3577 451 3642; x_wconf 91' lang='lat' dir='ltr'><strong>omnino</strong></span> <span class='ocrx_word' id='word_1_280' title='bbox 473 3577 589 3642; x_wconf 90' lang='lat' dir='ltr'><strong>missos</strong></span> <span class='ocrx_word' id='word_1_281' title='bbox 611 3577 775 3642; x_wconf 85' lang='lat' dir='ltr'><strong>faciamus.</strong></span> <span class='ocrx_word' id='word_1_282' title='bbox 820 3577 948 3659; x_wconf 92' lang='lat' dir='ltr'><strong>Reliqui</strong></span> <span class='ocrx_word' id='word_1_283' title='bbox 972 3577 1111 3660; x_wconf 91' lang='lat' dir='ltr'><strong>denique</strong></span> <span class='ocrx_word' id='word_1_284' title='bbox 1135 3579 1311 3645; x_wconf 90' lang='lat' dir='ltr'><strong>Aristocles</strong></span> 
     </span>
     <span class='ocr_line' id='line_1_33' title="bbox 157 3679 1312 3762; baseline -0.005 -16"><span class='ocrx_word' id='word_1_285' title='bbox 157 3686 215 3746; x_wconf 89' lang='lat' dir='ltr'><strong>aut</strong></span> <span class='ocrx_word' id='word_1_286' title='bbox 242 3679 383 3744; x_wconf 89' lang='lat' dir='ltr'><strong>incertae</strong></span> <span class='ocrx_word' id='word_1_287' title='bbox 405 3699 534 3762; x_wconf 89' lang='lat' dir='ltr'><strong>prorsus</strong></span> <span class='ocrx_word' id='word_1_288' title='bbox 556 3684 612 3744; x_wconf 90' lang='lat' dir='ltr'><strong>aut</strong></span> <span class='ocrx_word' id='word_1_289' title='bbox 633 3679 728 3744; x_wconf 91' lang='lat' dir='ltr'><strong>nimis</strong></span> <span class='ocrx_word' id='word_1_290' title='bbox 751 3679 877 3745; x_wconf 89' lang='lat' dir='ltr'><strong>alienae</strong></span> <span class='ocrx_word' id='word_1_291' title='bbox 899 3680 1014 3746; x_wconf 90' lang='lat' dir='ltr'><strong>aetatis</strong></span> <span class='ocrx_word' id='word_1_292' title='bbox 1037 3687 1110 3746; x_wconf 91' lang='lat' dir='ltr'><strong>sunt</strong></span> <span class='ocrx_word' id='word_1_293' title='bbox 1122 3683 1153 3756; x_wconf 83' lang='lat'><strong>¹).</strong></span> <span class='ocrx_word' id='word_1_294' title='bbox 1197 3679 1312 3757; x_wconf 88' lang='lat' dir='ltr'><strong>Neque</strong></span> 
     </span>
     <span class='ocr_line' id='line_1_34' title="bbox 158 3771 1313 3864; baseline -0.007 -17"><span class='ocrx_word' id='word_1_295' title='bbox 158 3781 335 3864; x_wconf 89' lang='lat' dir='ltr'><strong>quidquam</strong></span> <span class='ocrx_word' id='word_1_296' title='bbox 350 3786 457 3864; x_wconf 91' lang='lat' dir='ltr'><strong>potest</strong></span> <span class='ocrx_word' id='word_1_297' title='bbox 471 3780 567 3847; x_wconf 89' lang='lat' dir='ltr'><strong>statui</strong></span> <span class='ocrx_word' id='word_1_298' title='bbox 581 3780 624 3846; x_wconf 93' lang='lat' dir='ltr'><strong>de</strong></span> <span class='ocrx_word' id='word_1_299' title='bbox 640 3781 685 3846; x_wconf 92' lang='lat' dir='ltr'><strong>eis</strong></span> <span class='ocrx_word' id='word_1_300' title='bbox 702 3781 757 3862; x_wconf 93' lang='lat' dir='ltr'><strong>qui</strong></span> <span class='ocrx_word' id='word_1_301' title='bbox 775 3771 926 3858; x_wconf 83' lang='grc' dir='ltr'><em>Ἰταλικά,</em></span> <span class='ocrx_word' id='word_1_302' title='bbox 945 3805 982 3845; x_wconf 79' lang='grc' dir='ltr'><strong>ιτ.</strong></span> <span class='ocrx_word' id='word_1_303' title='bbox 997 3779 1176 3863; x_wconf 82' lang='grc' dir='ltr'><em>Γιγάντων,</em></span> <span class='ocrx_word' id='word_1_304' title='bbox 1194 3773 1313 3859; x_wconf 88' lang='grc' dir='ltr'><em>Παρά-</em></span> 
     </span>
     <span class='ocr_line' id='line_1_35' title="bbox 158 3866 611 3965; baseline -0.004 -19"><span class='ocrx_word' id='word_1_305' title='bbox 158 3881 240 3959; x_wconf 80' lang='grc' dir='ltr'><em>δοξα</em></span> <span class='ocrx_word' id='word_1_306' title='bbox 261 3883 429 3965; x_wconf 88' lang='lat' dir='ltr'><strong>scripsere.</strong></span> <span class='ocrx_word' id='word_1_307' title='bbox 599 3866 611 3891; x_wconf 81' lang='lat'><em>⁰</em></span> 
     </span>
    </p>
   </div>
   <div class='ocr_carea' id='block_1_3' title="bbox 163 3997 212 4004">
    <p class='ocr_par' dir='ltr' id='par_1_6' title="bbox 163 3997 212 4004">
     <span class='ocr_line' id='line_1_36' title="bbox 163 3997 212 4004; baseline -0.02 0"><span class='ocrx_word' id='word_1_308' title='bbox 163 3997 212 4004; x_wconf 66' lang='lat'><strong>1-—</strong></span> 
     </span>
    </p>
   </div>
   <div class='ocr_carea' id='block_1_4' title="bbox 157 4026 1313 4186">
    <p class='ocr_par' dir='ltr' id='par_1_7' title="bbox 157 4026 1313 4186">
     <span class='ocr_line' id='line_1_37' title="bbox 222 4026 1313 4100; baseline -0.004 -14"><span class='ocrx_word' id='word_1_309' title='bbox 222 4039 245 4100; x_wconf 83' lang='grc'><strong>1)</strong></span> <span class='ocrx_word' id='word_1_310' title='bbox 257 4034 290 4086; x_wconf 94' lang='lat' dir='ltr'><strong>In</strong></span> <span class='ocrx_word' id='word_1_311' title='bbox 298 4033 404 4096; x_wconf 89' lang='lat' dir='ltr'><strong>horum,</strong></span> <span class='ocrx_word' id='word_1_312' title='bbox 415 4045 471 4085; x_wconf 91' lang='lat' dir='ltr'><strong>non</strong></span> <span class='ocrx_word' id='word_1_313' title='bbox 479 4029 587 4085; x_wconf 87' lang='lat' dir='ltr'><strong>illorum</strong></span> <span class='ocrx_word' id='word_1_314' title='bbox 596 4046 706 4085; x_wconf 86' lang='lat' dir='ltr'><strong>numero</strong></span> <span class='ocrx_word' id='word_1_315' title='bbox 716 4032 796 4085; x_wconf 79' lang='lat' dir='ltr'><strong>esth.</strong></span> <span class='ocrx_word' id='word_1_316' title='bbox 804 4032 967 4086; x_wconf 87' lang='lat' dir='ltr'><strong>Messenius:</strong></span> <span class='ocrx_word' id='word_1_317' title='bbox 981 4031 1055 4080; x_wconf 89' lang='lat' dir='ltr'><strong>errat</strong></span> <span class='ocrx_word' id='word_1_318' title='bbox 1064 4026 1135 4080; x_wconf 91' lang='lat' dir='ltr'><strong>cuim</strong></span> <span class='ocrx_word' id='word_1_319' title='bbox 1145 4027 1182 4083; x_wconf 89' lang='lat' dir='ltr'><strong>M.</strong></span> <span class='ocrx_word' id='word_1_320' title='bbox 1190 4028 1313 4083; x_wconf 85' lang='lat' dir='ltr'><strong>Schmidt</strong></span> 
     </span>
     <span class='ocr_line' id='line_1_38' title="bbox 157 4110 1310 4186; baseline -0.003 -16"><span class='ocrx_word' id='word_1_321' title='bbox 157 4118 176 4172; x_wconf 93' lang='lat' dir='ltr'><strong>l.</strong></span> <span class='ocrx_word' id='word_1_322' title='bbox 186 4119 215 4184; x_wconf 85' lang='lat' dir='ltr'><strong>l.,</strong></span> <span class='ocrx_word' id='word_1_323' title='bbox 235 4134 296 4173; x_wconf 90' lang='lat' dir='ltr'><strong>cum</strong></span> <span class='ocrx_word' id='word_1_324' title='bbox 313 4118 433 4186; x_wconf 83' lang='lat' dir='ltr'><strong>ignotam</strong></span> <span class='ocrx_word' id='word_1_325' title='bbox 446 4130 506 4171; x_wconf 91' lang='lat' dir='ltr'><strong>esse</strong></span> <span class='ocrx_word' id='word_1_326' title='bbox 517 4114 575 4170; x_wconf 91' lang='lat' dir='ltr'><strong>eius</strong></span> <span class='ocrx_word' id='word_1_327' title='bbox 587 4121 701 4171; x_wconf 86' lang='lat' dir='ltr'><strong>aetatem</strong></span> <span class='ocrx_word' id='word_1_328' title='bbox 714 4115 792 4183; x_wconf 86' lang='lat' dir='ltr'><strong>dicit;</strong></span> <span class='ocrx_word' id='word_1_329' title='bbox 812 4116 846 4170; x_wconf 86' lang='lat' dir='ltr'><strong>cl.</strong></span> <span class='ocrx_word' id='word_1_330' title='bbox 861 4113 959 4167; x_wconf 86' lang='lat' dir='ltr'><strong>Zelleri</strong></span> <span class='ocrx_word' id='word_1_331' title='bbox 970 4110 1063 4163; x_wconf 84' lang='lat' dir='ltr'><strong>HPhG</strong></span> <span class='ocrx_word' id='word_1_332' title='bbox 1076 4111 1141 4180; x_wconf 76' lang='lat'>111³,</span> <span class='ocrx_word' id='word_1_333' title='bbox 1154 4119 1164 4166; x_wconf 87' lang='lat'>1</span> <span class='ocrx_word' id='word_1_334' title='bbox 1178 4131 1206 4183; x_wconf 85' lang='lat' dir='ltr'><strong>p.</strong></span> <span class='ocrx_word' id='word_1_335' title='bbox 1216 4118 1310 4179; x_wconf 76' lang='lat' dir='ltr'><strong>785sq.</strong></span> 
     </span>
    </p>
   </div>
   <div class='ocr_carea' id='block_1_5' title="bbox 0 0 1475 4748">
    <p class='ocr_par' dir='ltr' id='par_1_8' title="bbox 0 0 1475 4748">
     <span class='ocr_line' id='line_1_39' title="bbox 0 0 1475 4748; baseline 0 0"><span class='ocrx_word' id='word_1_336' title='bbox 0 0 1475 4748; x_wconf 95' lang='lat' dir='ltr'><strong> </strong></span> 
     </span>
    </p>
   </div>
  </div>
 </body>
</html>
