2918 4748
227 312 232 320 ι
256 355 315 413 146
649 350 763 406 Carolus
780 349 909 424 Alh'ertus
928 350 1006 418 Bapp

254 526 493 610 cognoscimus,
525 523 640 606 quibus
668 522 792 589 cithara
819 522 971 588 succinat.
1016 522 1164 604 Denique
1195 521 1236 587 de
1264 522 1408 589 secundo

256 633 405 694 cantuum
428 625 644 692 conuiualium
666 642 784 706 genere
806 623 1005 689 accuratiora
1034 621 1194 705 quaedam
1222 622 1408 706 traduntur;

255 748 338 812 quae
366 728 528 794 simillima
550 732 623 792 sunt
645 725 831 791 Aristoxeni
859 725 968 790 uerbis
996 724 1083 807 apud
1105 723 1206 791 schol.
1229 725 1311 791 Plat.
1333 745 1407 810 pro·

254 832 328 897 latis
352 849 489 895 -nam
512 826 599 910 quod
628 826 682 892 hic
708 818 745 890 οὐ
768 822 914 909 καθεξῆς
938 816 1023 889 ἀλλὰ
1044 816 1128 889 καθ’
1155 822 1308 909 ἕκαστον,
1339 826 1408 892 illic

255 929 349 1016 παρὰ
374 933 473 1014 μέρος
502 925 578 1012 ἑξῆς
606 928 740 1011 legitur,
769 947 833 993 non
854 946 889 992 re
912 925 969 992 sed
998 928 1068 993 sola
1095 927 1258 993 locutione
1287 926 1406 992 differt.

254 1033 324 1099 Nec
344 1032 450 1097 minus
472 1031 587 1114 pungit
609 1030 718 1095 oculos
741 1047 930 1110 consonant,
961 1029 1015 1110 qui
1040 1027 1210 1094 intercedit
1238 1029 1321 1094 inter
1349 1029 1409 1094 illa

254 1132 418 1200 Plutarchi
447 1139 480 1198 et
508 1137 653 1197 extrema
683 1129 790 1196 Schol.
807 1130 904 1214 Vesp.
932 1129 1050 1213 uerba;
1078 1130 1140 1196 nisi
1169 1129 1256 1213 quod
1284 1128 1335 1196 his
1365 1129 1408 1196 de

253 1237 340 1319 lyra,
369 1233 458 1319 apud
485 1233 575 1298 illum
597 1232 639 1298 de
661 1231 827 1315 myrrhina
848 1251 953 1297 sermo
976 1229 1027 1314 fit;
1059 1232 1179 1316 optime
1201 1237 1309 1297 autem
1332 1251 1406 1298 con·

254 1336 343 1403 uenit
364 1334 446 1402 illud
469 1330 610 1409 ἐναλλάξ
629 1353 702 1400 cum
717 1332 882 1399 Plutarchi
901 1324 969 1395 ἀπὸ
986 1331 1098 1418 κλίνης
1113 1329 1171 1396 ἐπὶ
1186 1333 1407 1420 adtonitum

255 1433 397 1512 ἐναλλάξ
415 1436 573 1502 uocabulo
590 1442 695 1502 certus
711 1433 843 1517 quidam
866 1434 944 1500 ordo
968 1433 1174 1517 significatur,
1197 1454 1261 1500 non
1284 1426 1407 1510 ἀταξία

254 1538 365 1616 (Ath.).
399 1538 493 1604 Unde
508 1542 643 1620 apparet
658 1555 765 1602 errore
786 1537 905 1602 factum
928 1554 1008 1617 esse,
1031 1541 1067 1600 ut
1088 1536 1176 1618 apud
1199 1535 1405 1621 schol.Vesp.

254 1640 295 1706 de
329 1639 401 1722 lyra
434 1638 611 1720 diceretur,
645 1637 731 1720 quod
766 1636 807 1702 de
841 1636 1007 1720 myrrhina
1039 1643 1108 1702 erat
1140 1637 1405 1720 praedicandum.

252 1740 378 1823 Nempe
400 1737 444 1804 ad
465 1739 570 1820 lyram
592 1758 664 1803 cum
686 1758 750 1803 non
773 1756 882 1804 omnes
905 1737 963 1803 sed
991 1739 1088 1821 periti
1116 1739 1220 1805 solum
1242 1745 1405 1821 canerent,

253 1846 358 1909 certus
374 1840 453 1906 ordo
467 1858 531 1904 non
546 1844 672 1922 poterat
686 1839 797 1904 teneri.
831 1838 1018 1904 Aristoxeni
1040 1840 1137 1922 igitur
1156 1839 1304 1906 docmina
1324 1841 1408 1906 latet

253 1943 349 2010 etiam
373 1943 406 2007 in
428 1940 529 2007 schol.
542 1940 637 2023 Vesp.
662 1940 720 2005 sed
743 1946 894 2022 corrupta
915 1961 976 2006 nec
998 1941 1171 2006 intellecta.

337 2043 479 2109 Pollucis
502 2043 574 2107 loco
594 2041 649 2124 VI,
664 2043 724 2104 108
748 2041 827 2123 quid
849 2042 1015 2124 iaciamus,
1036 2062 1101 2108 non
1123 2043 1240 2125 liquet;
1263 2048 1406 2109 ceterum

253 2145 292 2210 cf.
317 2163 400 2227 quae
422 2144 498 2208 diss.
519 2148 614 2208 nostr.
638 2163 669 2225 p.
683 2147 740 2206 111
773 2143 815 2208 de
844 2134 932 2226 ᾠδός
957 2145 1074 2227 poculo
1103 2144 1253 2210 diximus.
1281 2179 1323 2189 —
1353 2146 1406 2211 De

253 2245 352 2312 schol.
364 2246 441 2310 Luc.
457 2264 516 2329 pro
532 2245 625 2329 lapsu
639 2247 678 2307 10
694 2243 771 2309 uide
784 2244 974 2310 Muellerum
989 2245 1100 2319 (PHG)
1115 2246 1158 2310 ad
1174 2247 1285 2312 Dicae.
1299 2244 1338 2312 ir.
1351 2249 1404 2312 43.

252 2346 385 2413 Photius
415 2346 458 2412 ad
487 2346 621 2412 uerbum
652 2347 798 2428 congruit
831 2365 902 2411 cum
932 2346 1125 2412 Dicaearchi
1155 2353 1187 2412 et
1214 2347 1417 2415 Aristoxeni·

252 2449 418 2513 sententiis
443 2447 532 2531 apud
553 2446 687 2512 Suidam
713 2446 855 2526 traditis3
884 2466 965 2528 quas
988 2447 1180 2519 scholiastae
1202 2449 1345 2515 Platonis
1370 2456 1404 2514 et

252 2546 368 2612 Photio
396 2567 414 2613 e
443 2548 549 2613 lexico
579 2547 746 2613 Platonico
776 2547 916 2626 (Boethi)
951 2547 1116 2614 affluxisse
1148 2549 1318 2634 probabile
1353 2556 1403 2616 est

255 2649 305 2727 (el.
329 2648 411 2713 Nah.
427 2648 472 2714 ad
487 2647 579 2714 Phot.
602 2668 627 2714 s.
643 2668 674 2713 u.
691 2645 835 2726 σκόλιον)
849 2649 880 2724 ¹).

335 2749 455 2816 Omnes
485 2769 565 2833 quas
593 2752 810 2817 recensuimus
840 2753 932 2818 scolii
963 2752 1194 2836 explicationes
1217 2773 1237 2817 a
1259 2752 1401 2836 Didymo

251 2852 401 2917 uidentur
428 2853 596 2935 appositae
624 2852 741 2931 fuisse,
770 2873 844 2918 narn
874 2860 1058 2936 comparent
1086 2855 1173 2937 apud
1203 2856 1271 2920 eius
1299 2859 1401 2920 secta·

251 2960 352 3035 tores,
376 2954 441 3035 qui,
462 2972 535 3018 cum
550 2952 632 3018 alius
647 2954 744 3018 aliam
760 2954 935 3036 retinuerit,
955 2955 1155 3020 consentiunt
1170 2957 1203 3020 in
1219 2955 1404 3022 damnanda

250 3055 308 3119 illa
323 3054 520 3138 etymologia
542 3074 562 3118 a
583 3054 706 3119 musica
727 3055 876 3119 carminis
900 3053 1008 3120 indole
1030 3056 1142 3136 petita
1180 3055 1286 3138 Atque
1302 3058 1402 3123 etiam

29 3130 31 3135 ‚
130 3149 132 3152 ’
250 3154 456 3220 Plutarchum
471 3154 644 3238 aDidymo
659 3155 800 3239 pendere
816 3152 892 3219 inde
908 3154 1105 3236 praesidium
1117 3157 1255 3237 acquirit
1270 3176 1402 3242 nouum,

251 3256 336 3338 quod
361 3254 499 3330 αίσακος
521 3257 576 3321 ille
599 3255 682 3322 redit
704 3255 791 3340 apud
813 3253 1028 3337 Hesychium:
1051 3248 1144 3339 ὁτῆς
1168 3252 1296 3340 δάφνης
1319 3256 1402 3322 κλά-

252 3355 317 3432 δος,
341 3354 379 3421 ὃν
387 3360 589 3436 *κατέχοντες
610 3347 732 3437 ὕμνουν
745 3351 824 3430 τοὺς
845 3352 957 3430 θεούς.
991 3354 1176 3422 Athenaeus
1198 3363 1304 3423 autem
1328 3380 1402 3426 cum

250 3461 282 3522 et
304 3475 360 3522 eos
382 3459 558 3540 uituperet,
587 3459 642 3540 qui
671 3452 727 3521 διὰ
753 3457 955 3538 μελοποιίαν
978 3454 1110 3521 σκόλιον
1138 3464 1286 3524 uocatum
1315 3460 1402 3528 istud

250 3558 424 3625 carminum
439 3577 539 3639 genus
554 3564 675 3641 putent,
700 3564 732 3624 et
746 3559 861 3625 afferat
876 3559 1068 3625 Dicaearchi
1090 3561 1290 3644 sententiam,
1312 3582 1401 3646 pror-

250 3679 303 3726 sus
325 3658 470 3741 congruit
492 3676 564 3722 cum
586 3657 727 3739 Hesych.
746 3680 770 3725 s.
783 3680 813 3724 u.
830 3657 978 3743 οκόλιον;
1002 3661 1066 3724 iam
1088 3660 1295 3727 Artemonem
1317 3665 1402 3730 inter

249 3759 384 3843 Didymi
403 3763 548 3825 auctores
564 3757 835 3842 deprehendimus
849 3761 936 3844 apud
952 3759 1026 3825 Ath.
1042 3761 1129 3845 XIV,
1143 3765 1204 3827 636
1213 3782 1241 3844 e,
1265 3765 1327 3830 nisi
1340 3785 1400 3831 nos

251 3881 313 3929 una
335 3881 408 3928 cum
428 3859 556 3927 Rohdio
579 3861 694 3926 fefellit
716 3863 899 3928 coniectura
921 3861 996 3927 diss.
1013 3868 1110 3928 nostr.
1133 3883 1164 3947 p.
1180 3866 1236 3928 131
1262 3866 1398 3948 prolata.

338 4079 362 4141 1)
381 4071 544 4131 Pausaniam
562 4076 656 4132 laudat
674 4071 707 4132 de
725 4077 815 4132 seoliis
833 4077 911 4132 Eust.
930 4077 964 4131 ad
982 4078 1013 4133 ΙΙ.
1025 4079 1095 4133 B'u.
1108 4084 1165 4134 711.
