2918 4748
151 342 212 402 100
550 337 663 396 Carolus
681 336 812 395 Albertus
829 337 907 408 Bapp

150 515 241 584 cuius
263 513 431 598 popularis
453 511 599 595 aequalis
626 510 804 578 studiorum
832 511 938 579 socius
967 512 1024 579 ille
1052 509 1181 579 uidetur
1208 510 1312 579 fnisse

151 616 238 694 (uide
262 635 360 700 supra
381 634 414 697 p.
427 616 491 690 91).

235 716 427 800 Scrupulum
458 715 569 781 iniciat
590 715 688 780 alieni
717 711 797 780 illud
821 715 878 778 νῦν
905 736 935 799 p.
949 715 1055 799 621b3
1086 715 1173 799 qnod
1200 721 1312 781 utrum

150 819 193 885 ad
208 818 378 885 Aristoclis
392 837 435 883 an
450 817 492 883 ad
507 815 668 882 Athenaei
690 821 817 900 tempus
832 821 965 902 spectet,
988 816 1233 883 diiudicandum
1250 822 1310 883 est.

149 920 319 988 Aristoclis
334 926 442 987 antem
457 939 521 985 non
537 937 608 986 esse
624 918 686 985 hoc
702 919 758 983 νῦν
773 939 838 985 non
859 920 925 985 iam
948 918 1121 987 contendet
1143 920 1199 1003 qui
1222 939 1310 986 com-

90 1047 93 1050 ⁴
149 1023 312 1106 parauerit
326 1041 358 1106 p.
372 1023 434 1086 620
442 1019 474 1104 d,
497 1020 553 1087 ubl
568 1020 698 1104 legitur:
723 1017 894 1104 ἱλαρῳδοί,
918 1016 975 1096 οὓς
990 1022 1046 1086 νῦν
1061 1043 1149 1096 τινες
1162 1024 1182 1100 ¹)
1199 1040 1310 1106 σιμῳ-

150 1120 228 1197 δοὺς
242 1123 409 1201 καλοῦσιν,
433 1115 479 1196 cic
493 1112 707 1206 Ἀριστοκλῆς
723 1139 826 1206 φησιν
840 1120 909 1185 κτλ.
933 1127 966 1187 et
987 1121 1072 1188 infra
1094 1142 1164 1207 cap.
1179 1124 1220 1186 29
1236 1123 1309 1188 init.

136 1230 182 1312 ,et
203 1225 245 1308 X,
262 1227 361 1307 seeo,
384 1224 454 1289 nbi:
479 1219 512 1287 ἓν
532 1219 567 1287 δὲ
583 1220 729 1307 Μιλήτῳ
753 1219 803 1287 ἔτι
824 1223 879 1287 καὶ
903 1223 960 1287 νῦν
978 1221 1198 1310 Θεόφραστός
1222 1243 1310 1310 φησι

147 1317 240 1390 τοῦτ’
260 1319 347 1390 εἶναι
361 1321 398 1389 τὸ
415 1321 566 1407 νόμιμον.
605 1326 674 1390 Iam
693 1345 766 1392 cum
788 1325 902 1392 horum
925 1325 1083 1393 artificum
1105 1331 1179 1409 post
1194 1325 1309 1393 Sullae

149 1429 328 1513 tempora2)
344 1428 463 1494 mentio
478 1447 543 1494 non
558 1429 623 1494 iam
638 1434 793 1510 occurrat,
810 1426 893 1494 illud
909 1429 965 1493 νῦν
980 1427 1149 1495 Athenaeo
1164 1429 1308 1495 tribuere

149 1530 304 1599 audacius
328 1536 385 1597 est.

234 1631 420 1698 Aristoxeni
436 1630 477 1696 de
492 1628 639 1713 magcdis
654 1630 856 1713 lysiodisque
872 1632 1030 1697 sententia
1044 1634 1184 1716 pertinet
1205 1652 1308 1716 usque

149 1733 191 1799 ad
207 1733 307 1799 uerba
323 1723 490 1816 ἀνδρείοις
506 1727 686 1815 λυοιῳδόν;
710 1733 774 1797 iam
794 1733 996 1798 continuatur
1009 1733 1179 1800 Aristoelis
1203 1735 1307 1801 oratio

150 1834 199 1899 illi
222 1832 434 1900 aduersantis.
467 1833 505 1898 In
522 1831 730 1916 sequentibus
746 1833 787 1899 de
803 1834 873 1898 sola
887 1833 1048 1916 megedin,
1072 1835 1192 1901 nonde
1208 1835 1308 1919 lysio-

148 1934 200 2003 dis
223 1954 326 2003 sermo
348 1935 385 2001 tit
406 1934 582 2003 secundum
603 1935 771 2001 Aristoclis
794 1936 1001 2019 sententiam,
1026 1937 1081 2019 qui
1104 1942 1215 2003 contra
1234 1937 1308 2004 Ari·

148 2045 320 2105 stoxenum
349 2057 414 2103 non
444 2037 589 2103 diuersas
620 2055 690 2103 esse
719 2036 779 2104 has
807 2042 892 2104 artes
921 2037 1052 2104 iudicat.
1103 2037 1159 2105 Sic
1188 2037 1306 2106 Strabo

150 2158 278 2222 quoque
300 2138 379 2204 XIV
397 2159 429 2222 p.
443 2138 535 2204 648δ
558 2159 629 2204 cnm
652 2139 743 2205 initio
767 2135 950 2223 λυσιῳδοδς
971 2139 1028 2204 καὶ
1050 2137 1225 2224 μαγῳδούς
1249 2163 1307 2208 no-

149 2241 330 2324 minauerit,
352 2245 467 2325 postea
487 2238 528 2306 de
551 2241 629 2307 solis
652 2236 830 2324 λυσιῳδοῖς
851 2241 994 2323 loquitur
1016 2260 1057 2307 nc
1080 2242 1150 2325 ipse
1174 2242 1306 2326 quidem

150 2342 322 2409 discrimen
345 2347 499 2410 statuens.

233 2443 361 2508 Nouum
376 2444 545 2510 Aristoclis
560 2444 773 2527 fragmentum
792 2444 905 2528 incipit
928 2441 1003 2510 inde
1026 2463 1047 2510 a
1068 2465 1099 2530 p.
1113 2447 1222 2511 each:
1246 2469 1306 2508 κα-

150 2542 258 2607 λεῖται
288 2534 319 2606 δ’
346 2538 365 2629 ἡ
393 2541 454 2625 μὲν
483 2540 639 2628 σατυρικὴ
668 2536 803 2628 ὄρχησις
832 2535 877 2619 ὥς
905 2565 1008 2630 φησιν
1029 2536 1243 2632 Ἀριστοκλῆς
1273 2545 1306 2614 ἐν

150 2636 259 2729 ὀγδόῳ
275 2645 355 2731 περὶ
368 2646 486 2731 χορῶν,
511 2649 649 2720 σίκιννις
672 2645 727 2709 καὶ
750 2643 783 2708 ol
806 2641 945 2730 σάτυροι
964 2651 1174 2712 σικιννισταί.
1210 2648 1306 2716 Simi-

149 2748 223 2813 liter
244 2747 421 2815 Aristocles
449 2748 538 2814 illam
569 2747 610 2813 dc
638 2746 810 2832 rhapsodis
839 2748 1090 2833 disputationem
1118 2770 1139 2816 a
1167 2754 1307 2820 nominis

150 2847 238 2932 quod
257 2855 305 2915 est
322 2843 502 2934 ὃμηριοταί
524 2849 685 2914 mentione
708 2848 839 2915 incohat
860 2850 1000 2933 itemque
1024 2850 1063 2916 de
1086 2849 1306 2919 hilarodorum

150 2950 332 3016 nominibus
359 2948 522 3033 praelator
550 2950 737 3030 prinsquam
768 2948 808 3014 de
830 2955 899 3014 arte
928 2970 1038 3016 eorum
1065 2958 1150 3035 agat.
1174 2988 1216 2998 —
1245 2954 1307 3020 Oc·

149 3048 285 3116 haerent
306 3055 414 3115 antem
437 3048 596 3115 artissimo
619 3049 748 3114 uinculo
771 3051 879 3132 capita
896 3053 1030 3114 28-30.
1070 3052 1197 3115 Etenim
1221 3073 1306 3132 quac

151 3171 221 3234 cap.
239 3153 280 3214 28
303 3150 485 3216 indicantur
508 3151 569 3216 tria
591 3150 713 3233 lyricae
735 3150 913 3216 saltationis
936 3168 1071 3233 genera,
1102 3169 1211 3216 eorum
1240 3154 1306 3218 sin-

150 3253 235 3336 gulis
257 3251 479 3319 describendis
502 3252 669 3335 sequentia
692 3251 800 3334 capita
828 3251 945 3316 tributa
974 3256 1054 3316 sunt.
1101 3249 1208 3328 Quare
1235 3257 1305 3322 noli

151 3353 299 3419 dubitare
322 3355 399 3437 quin
420 3353 503 3420 haec
525 3354 558 3418 in
579 3353 762 3419 uniuersum
785 3353 893 3418 omnia
913 3352 1067 3418 Aristocli
1089 3354 1153 3418 sint
1182 3351 1305 3422 adscri-

151 3452 265 3518 benda.
299 3454 486 3520 Aristoxeni
506 3454 606 3519 uerba
621 3455 661 3519 ab
677 3454 733 3519 illc
749 3461 961 3540 apponuntur.
997 3454 1164 3521 Scamonis
1187 3458 1305 3524 uerilo·

152 3555 261 3638 quium
277 3556 427 3632 (σίκιννις
444 3546 512 3618 dard
529 3555 589 3618 τοῦ
605 3558 773 3630 σείεσθαι)
793 3563 828 3621 ul
842 3557 929 3641 apud
944 3554 1019 3623 Ath.
1035 3557 1081 3621 ita
1095 3557 1182 3641 apud
1198 3558 1248 3622 Et.
1261 3561 1302 3624 M.

152 3663 184 3722 et
206 3654 347 3740 Hesych.
367 3676 392 3722 s.
408 3677 438 3722 u.
456 3660 595 3731 σίκιννις
617 3677 689 3722 eum
704 3659 889 3724 Aristoxeni
912 3658 952 3724 de
976 3659 1156 3725 saltationis
1177 3663 1303 3742 generi-

155 3775 359 3784 ι------

237 3827 263 3888 1)
280 3822 323 3877 Ab
336 3822 432 3878 horum
443 3822 568 3891 partibus
581 3827 636 3878 stat
647 3824 728 3878 etiam
741 3822 847 3888 Strabo,
866 3823 912 3892 qui
929 3822 994 3878 XIV
1006 3839 1033 3892 p.
1045 3824 1119 3878 6th
1137 3824 1170 3880 de
1183 3824 1305 3898 σιμῳδιρ

151 3903 293 3972 λυσιῳδοῖς
309 3904 446 3980 papaticis
464 3923 525 3962 cnm
538 3908 647 3978 copiose
665 3911 737 3976 agot,
756 3904 902 3974 ἱλαρῳδεῖν
919 3922 1017 3964 nomen
1034 3909 1149 3976 ignorat.
1179 3910 1305 3970 Ceterum

150 3989 184 4043 de
201 3988 254 4046 hcc
272 3992 414 4049 Strabonis
432 3995 493 4049 loco
511 3993 574 4047 uide
590 3993 721 4047 Hillerum
740 3993 777 4046 M.
789 3992 842 4048 Rh.
855 3991 933 4046 XXX
951 4009 977 4062 p.
989 3997 1030 4048 68.

236 4076 261 4141 2)
279 4075 472 4134 Protesilao
491 4073 639 4144 λυσιῳδούε
657 4082 794 4133 memorat.
