2918 4748
192 353 236 407 De
253 351 375 408 fontibus
394 352 490 422 quibus
508 353 665 408 Athenaeus
683 353 711 406 in
728 353 808 409 rebus
826 369 894 409 mus.
912 354 961 424 lyr.
980 369 1069 410 enarr.
1087 370 1153 411 usus
1171 356 1214 412 sit.
1245 359 1306 414 145

152 523 347 590 κόπτεσθαι
370 524 449 607 περὶ
470 521 529 608 τὴν
552 519 731 610 προφορὰν
753 525 812 609 τῆς
839 515 942 610 ᾠδῆς·
972 516 1056 610 ὅπερ
1080 511 1136 592 οὖν
1158 525 1305 609 ἐ’πασχον

154 618 251 690 αὐτοὶ
275 622 332 691 διὰ
353 621 413 710 τὴν
434 627 560 711 μέθην,
588 626 685 689 τοῦτο
708 627 893 710 τρέψαντες
922 623 970 702 είς
991 625 1028 692 τὸ
1052 628 1151 710 μέλος
1173 628 1306 696 σκόλιον

154 725 293 792 ἐκάλουν
311 724 348 790 τὸ
367 720 609 792 ἁπλούστατον.
626 761 667 772 -
690 727 797 793 Primo
811 729 882 793 loeo
899 747 982 810 quaa
998 728 1187 796 describitur
1206 732 1305 812 μελο-

153 833 273 902 ποιίας
302 827 442 913 indoles,
472 829 621 895 conuenit
642 848 713 894 oum
737 830 800 911 eis,
824 848 906 911 quae
927 829 1015 912 apud
1037 829 1137 897 schol.
1153 832 1249 916 Vesp.
1274 840 1305 899 et

152 930 357 996 Athenaeum
384 931 542 1013 leguntur.
592 929 738 994 Nominis
767 935 875 995 autem
905 929 1062 997 deriuatio
1096 931 1170 997 inde
1202 932 1304 1018 petita

153 1033 261 1099 statim
282 1031 437 1097 refutatur
459 1031 572 1097 eadem
595 1050 693 1096 causa
714 1031 814 1096 allata
835 1038 931 1113 atque
954 1032 987 1096 in
1009 1031 1109 1098 schol.
1127 1034 1239 1118 Vesp,
1269 1041 1305 1099 ut

153 1134 314 1217 Didymus
331 1133 408 1214 quin
424 1132 477 1197 hie
492 1151 618 1214 quoque
633 1132 742 1214 lateat,
766 1132 923 1199 dubitioni
947 1139 1131 1216 exemptum
1150 1136 1200 1200 sil.
1233 1135 1304 1201 Iam

152 1254 230 1300 uero
246 1232 486 1301 commendatur
500 1234 558 1299 illa
572 1233 756 1317 explicatio
776 1254 871 1317 quam
887 1235 1065 1301 inuenimus
1080 1235 1167 1319 apud
1182 1237 1231 1302 lh.
1244 1237 1302 1320 M.;

153 1355 236 1418 quae
258 1334 386 1401 uidetur
407 1336 489 1400 inter
510 1335 592 1401 alias
614 1355 635 1400 a
656 1334 798 1418 Didymo
820 1336 970 1418 apposita
991 1336 1049 1401 sed
1072 1357 1152 1417 non,
1180 1339 1302 1421 opinor,

152 1436 289 1521 probata
312 1455 392 1501 esse.

237 1537 327 1619 llam,
352 1538 403 1602 oui
417 1537 576 1620 Didymus
591 1535 789 1617 aduersatur,
812 1536 1002 1602 sententiam
1017 1573 1059 1583 -
1074 1539 1167 1603 scolii
1184 1558 1302 1604 nomen

151 1637 365 1705 damnandum
385 1657 456 1705 esse
479 1659 499 1704 a
520 1637 722 1718 μελοποιίας
743 1635 852 1702 indole
875 1639 955 1720 siue,
978 1637 1064 1720 quod
1086 1658 1162 1704 uere
1186 1636 1301 1703 σκολιά

152 1741 203 1822 sit,
227 1741 297 1806 siue
320 1735 354 1803 ἐκ
369 1741 429 1802 τοῦ
447 1736 595 1803 ἐναντίου
619 1738 649 1804 h.
666 1759 693 1805 e.
714 1738 829 1805 eodem
851 1738 958 1822 modo,
982 1759 1045 1821 quo
1067 1742 1174 1807 lucum
1196 1762 1216 1806 a
1238 1762 1302 1808 non

151 1840 290 1907 lucendo
306 1841 454 1907 deriuant
469 1876 509 1886 -
524 1847 731 1924 praetorem,
756 1842 810 1923 qui
831 1840 919 1923 apud
940 1839 1039 1906 schol.
1052 1841 1149 1924 Vesp.
1167 1842 1302 1908 audiunt

152 1939 246 2026 ἔνιοι,
270 1948 302 2008 et
317 1962 382 2025 eos,
403 1942 445 2007 de
460 1943 574 2024 quibus
589 1940 774 2008 Athenaeus
789 1942 939 2024 loquitur,
963 1946 1090 2007 tuentur
1104 1940 1204 2007 schol.
1217 1942 1300 2007 Plat.

151 2045 287 2110 alterum
304 2044 520 2127 (Oxoniense),
545 2042 671 2124 Suidas‚
686 2043 890 2117 ,Eustathius
928 2041 1045 2109 Suidas
1060 2050 1167 2109 autem
1182 2063 1241 2109 sua
1259 2063 1300 2109 ex

151 2146 239 2212 fonte
261 2147 370 2229 aliquo
393 2145 509 2229 hausit,
533 2146 588 2228 qui
610 2145 779 2210 coniuncta
801 2143 976 2210 exhibebat
997 2144 1163 2227 utriusque
1185 2144 1303 2212 scholii

152 2242 311 2313 Platonici
325 2253 512 2330 argumenta
533 2246 592 2314 sed
613 2246 720 2312 uerbis
742 2245 839 2311 modo
863 2246 1007 2329 pluribus
1030 2244 1126 2311 modo
1147 2247 1300 2328 parciori-

151 2347 210 2415 bus
232 2350 368 2432 prolata

234 2449 369 2532 Propria
391 2450 578 2531 quaestione
601 2455 675 2532 eget
696 2445 861 2515 Plutarchi
889 2449 979 2515 locus
1002 2445 1041 2526 Q.
1063 2447 1174 2533 Symp.
1196 2450 1212 2514 Ι
1240 2451 1300 2517 sub

149 2547 331 2615 finamz-
289 2546 394 2612 -τὰ
418 2546 535 2614 σκόλιά
558 2570 663 2635 φασιν
686 2541 723 2614 οὗ
745 2551 839 2632 γένος
862 2541 1021 2666 ᾀσμάτων
1044 2543 1131 2615 εἶναι
1152 2572 1300 2638 πεποιη-

149 2643 297 2732 μένων’
279 2672 436 2737 ασαφαις,
465 2641 578 2714 ἀλλ’
567 2643 620 2713 ότι
649 2672 784 2734 πρωτον
813 2649 874 2729 μὲν
901 2635 982 2733 ᾖδον
1011 2641 1101 2734 ᾠδὴν
1127 2653 1187 2714 τοῦ
1215 2654 1301 2716 θεοῦ

149 2753 268 2826 κοινῶς
298 2773 444 2824 απαντες
472 2751 535 2833 μιᾷ
557 2750 651 2832 φωνῇ
672 2745 918 2826 παιανίζοντες,
948 2741 1156 2833 δεύτερονδ)
1182 2746 1300 2834 ἑφεξῆς

149 2847 278 2934 ἑκάστω
300 2853 460 2935 μυρσίνης
487 2845 813 2934 παραδιδομένης,
800 2845 839 2934 η’ν
863 2847 1017 2928 α’ίσακον,
1048 2844 1144 2932 οἶμαι
1174 2848 1294 2916 διὰ
1259 2876 1297 2917 το

150 2946 244 3039 ᾄδειν
266 2947 323 3016 τὸν
345 2948 531 3032 δεξάμενον,
555 2942 706 3015 ἕκαλουν·
738 2947 796 3015 ἐπι
820 2949 855 3014 δὲ
877 2949 1095 3070 τοῦτολύρας
1117 2974 1299 3040 περιφερο-

149 3046 295 3139 μένης
278 3076 296 3116 o
312 3051 389 3171 ,pabo
401 3051 669 3134 πεπαιδευμένος
697 3049 862 3135 ἐλάμβανε
887 3053 943 3118 καὶ
965 3037 1042 3138 ηδεν
1065 3048 1298 3138 ἁρμοζόμενος,

150 3178 215 3218 των
244 3144 276 3217 δ’
304 3145 460 3236 ἀμούσων
489 3145 526 3218 οὗ
554 3157 783 3238 προσιεμένων
812 3151 944 3219 σκόλιον
973 3146 1157 3240 ὠνομάσθη
1186 3154 1224 3220 τδ
1253 3181 1297 3274 μη

150 3251 260 3320 κοινὸν
283 3248 383 3320 αὐτου
370 3253 488 3341 μηδὲ
510 3253 637 3341 ρηιδιον.
681 3249 795 3320 Ἄλλοι
824 3255 860 3320 δέ
888 3276 974 3342 φασι
996 3252 1055 3340 τὴν
1076 3260 1236 3341 μυρσίνην
1260 3250 1298 3321 οὗ

150 3354 295 3441 καθεξῆς
321 3355 469 3439 βαδίζειν
492 3349 576 3421 blla
598 3348 680 3421 καθ’
707 3354 843 3421 ἕκαστον
866 3349 934 3421 ἆπδ
963 3356 1075 3442 κλίνης
1102 3351 1161 3420 ἐπὶ
1187 3357 1299 3444 κλίνην

152 3456 396 3543 διαφέρεσθαι·
424 3454 483 3523 τὸν
509 3455 572 3542 γὰρ
594 3459 729 3540 πρῶτον
752 3450 880 3544 ᾅσαντα
908 3459 957 3542 api
983 3458 1109 3544 πρώτῳ
1136 3459 1195 3545 τῆς
1224 3457 1299 3524 δευ-

151 3564 249 3646 τέρας
276 3560 387 3645 κλίνης
414 3550 632 3624 ἀποστέλλειν
639 3608 648 3638 ,
677 3555 800 3624 ἐκεῖνον
822 3557 858 3623 δὲ
879 3561 928 3643 τῷ
949 3557 1075 3645 πρώτῳ
1096 3561 1155 3646 τῆς
1176 3564 1298 3646 τρίτης,

153 3656 224 3726 εἶτα
250 3657 308 3726 τὸν
331 3657 483 3745 δεύτερον
505 3653 632 3741 δμοίως
658 3661 707 3744 τῷ
736 3659 895 3745 δευτέρῳ·
922 3661 979 3726 καὶ
1004 3658 1042 3726 τδ
1066 3661 1220 3727 ποικίλον
1242 3663 1299 3728 καὶ

151 3760 369 3843 πολυκαμπὲς
391 3755 437 3836 ὥς
459 3760 545 3827 ἐὀικε
565 3764 625 3848 τῆς
646 3760 806 3848 περιόδου
828 3760 961 3827 σκόλιον
983 3755 1177 3848 ὠνομάσθη.

236 3865 331 3930 Initio
360 3863 452 3930 uides
480 3865 559 3930 reici
589 3864 678 3930 illam
708 3855 776 3927 ἀπὸ
804 3862 1005 3942 μελοποιίας
1039 3863 1297 3946 explicationem.

152 3966 304 4049 Sequitur
318 3964 510 4032 Dicaearchi
526 3964 671 4031 doctrina
685 3965 801 4032 clarius
821 3965 1008 4047 largiusque
1023 3982 1119 4046 quam
1141 3964 1221 4029 alibi
1243 3985 1299 4032 ex-

151 4067 275 4151 posita3
297 4073 393 4149 atque
417 4066 557 4130 σκολίων
576 4086 693 4133 nomen
706 4066 749 4132 ab
763 4066 820 4132 illo
836 4065 883 4132 eis
899 4066 1003 4131 solum
1018 4063 1211 4131 carminibus
1227 4063 1298 4132 dari

200 4173 322 4226 helpzigar
334 4171 437 4216 stublon.
455 4173 514 4216 vm.
1063 4165 1094 4216 10
