2918 4748
152 309 193 368 94
550 304 663 360 Carolus
680 305 812 362 Albertus
830 306 909 376 Bapp

151 481 240 566 apud
262 476 462 563 Hesychium
484 482 681 560 comparent.
719 477 826 556 Quare
848 477 992 561 Didymo
1014 498 1119 560 neque
1142 477 1226 544 bano
1253 497 1309 543 ne·

152 603 214 665 que
236 584 326 647 illam
347 586 472 666 partem
493 580 597 646 ausim
619 579 769 645 tribuere.
813 579 858 644 At
879 579 970 646 deest
992 579 1116 662 aliquid
1138 580 1171 644 in
1197 579 1310 662 glossa

153 684 353 767 Segueriana
375 681 461 765 quod
484 680 628 764 suppleri
650 686 757 747 mente
778 680 889 747 debet:
912 702 987 747 nam
1012 682 1068 764 qui
1091 672 1159 745 ’άπὸ
1181 676 1309 764 Τυρρη-

151 808 209 850 νου
231 782 351 849 Λυδοῦ
372 775 514 847 Ἀσιάδα
537 783 732 847 nominatam
754 783 900 866 aiebant,
930 803 993 866 quo
1021 784 1091 849 iure
1113 803 1231 848 nomen
1261 784 1310 850 sle

152 887 360 970 explicarint,
383 905 448 951 nou
470 884 595 949 dieitur.
635 883 712 949 Sine
734 883 833 950 dubio
857 890 965 951 autem
987 905 1026 951 eo
1049 885 1225 950 nitibantun
1248 884 1309 968 illi,

152 988 239 1072 quod
253 985 371 1052 Λυδία
386 987 464 1053 olim
478 977 576 1049 Ἀσία
592 991 661 1051 crat
675 992 799 1051 uocata.
833 985 888 1052 Sic
904 987 990 1052 enim
1005 985 1112 1053 Schol.
1125 986 1186 1071 Ap.
1200 984 1308 1052 Rbod.

150 1090 192 1174 H,
209 1093 287 1154 277:
308 1080 458 1162 Ἀσίδος·
481 1087 540 1170 τῆς
553 1084 689 1162 Λυδίας
711 1086 816 1170 λέγει·
838 1078 937 1151 Ἀσία
958 1083 1021 1172 γάρ
1044 1084 1209 1171 πρότερον
1232 1081 1310 1150 ἔκα-

152 1191 240 1254 λεῑσο
261 1183 280 1273 ἡ
298 1186 431 1254 Λυδία·
454 1189 511 1252 καὶ
525 1179 686 1274 Ὅμηρος·
709 1179 813 1272 Ἀσίῳ
832 1185 866 1252 ἕν
882 1188 1037 1271 λειμῶνι·
1060 1188 1115 1253 καὶ
1137 1181 1156 1273 ἡ
1178 1184 1309 1272 κιθάρα

150 1282 267 1365 Ἀσιὰς
286 1290 425 1374 λέγεται,
449 1285 525 1354 ἐπεὶ
548 1285 582 1354 ἓν
596 1287 714 1375 Λυδίᾳ
736 1291 873 1375 πρῶτον
896 1284 1029 1377 εὑρέθη.
1067 1290 1138 1356 Hoc
1161 1288 1311 1356 scholion

150 1392 293 1476 Didymo
309 1391 422 1457 deberi
437 1411 510 1457 oum
525 1392 754 1475 probabilitate
776 1411 835 1476 per
857 1411 893 1459 se
908 1393 1064 1458 conicias:
1089 1390 1224 1457 huiusne
1248 1392 1310 1475 igi·

151 1499 201 1559 tur
224 1493 370 1559 doctrina
392 1494 471 1559 latet
493 1493 526 1557 in
549 1493 658 1576 glossa
679 1493 849 1559 Bekkeri‘?
882 1494 926 1559 At
947 1492 1030 1559 haec
1053 1513 1180 1576 quoque
1203 1493 1309 1576 expli·

152 1597 237 1661 catio
260 1594 423 1679 discrepat
445 1594 485 1659 ab
508 1592 673 1676 Hesychio
697 1601 730 1660 et
750 1596 800 1659 Et.
817 1595 859 1659 M.
890 1594 1102 1679 (Hesychium
1125 1595 1210 1661 enim
1234 1614 1310 1660 cum

150 1697 238 1763 dicat
260 1691 294 1760 ἐν
308 1687 417 1780 Ἀσίᾳ,
439 1694 621 1778 significare
642 1695 765 1777 urbem,
787 1717 852 1761 non
874 1695 1023 1780 Lydiam,
1047 1697 1120 1762 coll.
1141 1697 1191 1761 Et.
1208 1697 1250 1761 M.
1276 1702 1309 1761 et

151 1797 263 1882 Steph.
279 1796 356 1881 Bya.
380 1796 584 1862 manifestum
600 1800 669 1872 est).
707 1796 756 1862 ut.
772 1797 815 1862 M.
831 1800 902 1880 153,
915 1800 955 1860 29
979 1789 1077 1863 Ἀσία
1092 1831 1134 1842 -
1149 1790 1310 1873 Ἀσιάδος

149 1896 336 1984 κρούματα·
365 1899 424 1980 τῆς
446 1889 608 1983 κιθάρας·
637 1888 743 1972 οὕτως
765 1889 1010 1985 Ἀριστοφάνης
1032 1934 1074 1944 -
1095 1891 1306 1982 Hecatom}

149 1998 323 2086 τρίχορδος
347 1996 475 2084 κιθάρα
498 1989 584 2062 οὕτω
606 1998 773 2064 καλεῖται·
801 1998 932 2086 ε’ίρησαι
954 1999 990 2065 δὲ
1012 1991 1067 2065 ὅτι
1088 1997 1123 2065 ἕν
1145 1992 1245 2086 Ἀσίᾳ
1266 2002 1309 2085 τῇ

150 2100 251 2167 πόλει
264 2103 323 2185 της
337 2098 473 2176 Λυδίας
487 2103 618 2185 κειμένῃ
642 2096 675 2165 ἓν
695 2098 824 2185 Τμώλῳ
846 2103 983 2185 πρῶτον
999 2095 1132 2188 εὑρέθη.
1167 2102 1224 2166 καὶ
1245 2097 1309 2177 σάς

148 2200 288 2287 ᾳοαίδεις
311 2200 347 2266 δὲ
369 2193 459 2286 ᾠδάς
482 2195 548 2266 ὑπὸ
570 2199 702 2289 Νιόβης
721 2204 779 2268 καὶ
800 2204 866 2267 σοῖν
880 2201 1008 2268 Λυδῶν
1029 2205 1191 2287 γυναικῶν
1214 2197 1308 2289 εὗρε-

149 2307 272 2381 θείσας
288 2294 505 2390 εἷςἝλληνας
521 2294 669 2389 ἀχθῆναι
683 2303 751 2368 κτλ.
767 2339 808 2350 -
824 2304 936 2389 Steph.
946 2305 983 2369 B.
999 2325 1024 2370 s.
1034 2325 1064 2370 u.
1076 2296 1188 2370 Ἀσία·
1204 2301 1308 2381 πόλις

149 2404 285 2480 Λυδίας
306 2402 401 2490 παρὰ
418 2407 467 2489 τη]
485 2403 625 2490 Τμώλῳ,
649 2403 684 2470 ἒν
704 2397 725 2490 ᾖ
748 2405 921 2491 τρίχορδος
944 2400 1066 2493 εὑρέθη
1089 2405 1227 2492 κιθάρα,
1252 2403 1305 2472 διδ

151 2607 187 2673 δὲ
210 2599 278 2673 άπὸ
301 2599 415 2672 Ἀσίου
438 2609 497 2672 τοῦ
519 2605 638 2672 Λυδοῦ
659 2595 681 2692 ἢ
704 2603 738 2672 ἒκ
759 2610 819 2692 τῆς
840 2613 1055 2696 Προμηθέως
1076 2608 1240 2694 γυναικός.
1263 2647 1308 2656 -

149 2710 291 2795 Hesyeh.
314 2700 536 2785 ε.11.Ἀσιάς·
558 2703 578 2794 ἡ
602 2707 730 2795 κιθάρα
754 2707 810 2775 διά
833 2707 870 2775 νδ
897 2707 931 2775 ἐν
953 2704 1053 2798 Ἀσίᾳ
1076 2706 1254 2798 εὑρῆσθαι.

236 2810 342 2890 Quare
364 2812 392 2877 si
415 2811 495 2894 quid
516 2813 549 2877 in
571 2811 622 2878 his
645 2812 788 2897 Didymo
811 2814 1032 2898 tribuendum,
1064 2815 1098 2879 in
1120 2815 1170 2879 Et.
1185 2815 1227 2879 Μ.
1252 2817 1307 2892 (ex

150 2934 213 2996 quo
234 2911 337 2986 Suid.)
360 2917 393 2977 et
414 2909 528 2995 Steph.
544 2912 633 2993 Bya,
657 2915 713 2993 qui
735 2915 845 2986 nescio
868 2935 910 2979 an
932 2915 1153 2981 Herodianum
1174 2935 1306 2998 recepe·

148 3015 227 3094 rint,
252 3019 284 3077 et
306 3013 347 3076 in¹
361 3010 527 3094 Hesychio
550 3017 711 3085 seruatum
734 3019 797 3095 est,
820 3034 885 3078 non
906 3016 940 3079 in
962 3016 1074 3097 glossa
1095 3015 1305 3096 Segueriana.

154 3155 157 3160 -
234 3113 303 3178 Iam
317 3112 486 3178 uideamus
502 3113 581 3195 quid
594 3117 772 3197 praeterea>
786 3113 828 3179 de
851 3114 979 3196 glossae
1001 3114 1184 3186 auctoribus
1208 3121 1306 3195 queat

150 3215 320 3283 enucleari.
364 3214 498 3280 Doridis
526 3205 718 3281 sententiam
740 3234 845 3297 paene
867 3214 910 3280 ad
931 3215 1067 3280 uerbum
1094 3216 1212 3298 repetit
1238 3234 1305 3281 non

149 3318 248 3383 allato
268 3316 407 3382 auctoris
430 3317 557 3382 nomine
573 3316 656 3380 Plut.
673 3314 715 3380 de
729 3334 809 3380 mus.
834 3335 904 3398 cap.
918 3318 948 3397 6,
972 3315 1058 3398 quod
1074 3335 1116 3380 ex
1130 3315 1305 3380 Heraclide

149 3418 284 3482 Pontico
300 3416 449 3483 haustum
467 3437 538 3483 esse
553 3418 631 3482 satis
647 3417 796 3500 probauit
807 3415 987 3500 Westpbal.
1024 3417 1072 3483 Ao
1094 3416 1304 3483 memorabile

149 3516 298 3599 estquod
313 3517 503 3584 Plutarchus
519 3518 573 3583 uel
587 3518 897 3601 potiusHeraelides
910 3538 981 3584 eam
994 3519 1187 3602 opinionem,
1205 3537 1302 3599 quam

148 3620 258 3703 glossa
273 3618 472 3702 Segueriana
485 3619 545 3686 sub
559 3619 662 3685 altero
676 3620 734 3684 illo
756 3618 789 3683 oi
805 3618 842 3683 δέ
864 3618 1006 3701 exhibet,
1029 3621 1209 3686 accuratius
1231 3620 1300 3703 ple·

147 3723 283 3804 niusque
305 3720 442 3803 profert3
465 3739 562 3802 quam
583 3720 676 3788 uides
698 3720 873 3787 cohaerere
896 3741 969 3786 cum
987 3721 1121 3788 Duridis
1146 3721 1302 3788 doctrina.

149 3821 231 3888 Sunt
252 3824 337 3890 enim
359 3822 458 3888 uerba
480 3821 575 3888 haee:
599 3819 748 3907 ἐποιήθη
766 3819 802 3885 δὲ
816 3822 873 3886 καί
887 3819 925 3886 νδ
944 3823 1053 3906 σχῆμα
1074 3823 1133 3908 τῆς
1155 3818 1302 3906 κιθάρας

149 3924 284 4007 πρῶτον
306 3919 390 3988 κατὰ
411 3927 580 4012 Κηπίωνα
600 3920 659 3989 τὸν
685 3919 901 4009 Τερπάνδρου
923 3921 1095 4011 μαθητήν,
1119 3919 1243 4009 ἐκλήθη
1268 3921 1304 3986 δὲ

148 4013 265 4099 Ἀσιὰς
281 4021 338 4090 διά
352 4023 390 4090 σδ
407 4026 592 4112 κεχρῆσθαι
605 4022 684 4102 τοὺς
698 4028 871 4109 Λεσβίους
889 4015 974 4110 αὐτῇ
988 4020 1202 4110 κιθαρῳδοὺς
1216 4021 1305 4109 πρὸς
