<?xml version="1.0" encoding="UTF-8"?>
<!DOCTYPE html PUBLIC "-//W3C//DTD XHTML 1.0 Transitional//EN"
    "http://www.w3.org/TR/xhtml1/DTD/xhtml1-transitional.dtd">
<html xmlns="http://www.w3.org/1999/xhtml" xml:lang="en" lang="en">
 <head>
  <title>
</title>
<meta http-equiv="Content-Type" content="text/html;charset=utf-8" />
  <meta name='ocr-system' content='tesseract 3.04.00' />
  <meta name='ocr-capabilities' content='ocr_page ocr_carea ocr_par ocr_line ocrx_word'/>
</head>
<body>
  <div class='ocr_page' id='page_1' title='image "./defontibusquibu00bappgoog_0032.png"; bbox 0 0 2918 4748; ppageno 0'>
   <div class='ocr_carea' id='block_1_1' title="bbox 199 315 1305 388">
    <p class='ocr_par' dir='ltr' id='par_1_1' title="bbox 199 315 1305 388">
     <span class='ocr_line' id='line_1_1' title="bbox 199 315 1305 388; baseline 0.008 -18"><span class='ocrx_word' id='word_1_1' title='bbox 199 317 242 372; x_wconf 90' lang='lat' dir='ltr'>De</span> <span class='ocrx_word' id='word_1_2' title='bbox 257 316 379 372; x_wconf 84' lang='lat' dir='ltr'>fontibus</span> <span class='ocrx_word' id='word_1_3' title='bbox 397 315 495 386; x_wconf 89' lang='lat' dir='ltr'>quibus</span> <span class='ocrx_word' id='word_1_4' title='bbox 513 316 670 370; x_wconf 73' lang='lat' dir='ltr'>Athenaeus</span> <span class='ocrx_word' id='word_1_5' title='bbox 687 315 717 370; x_wconf 91' lang='grc'>16</span> <span class='ocrx_word' id='word_1_6' title='bbox 734 316 817 371; x_wconf 90' lang='lat' dir='ltr'>rebus</span> <span class='ocrx_word' id='word_1_7' title='bbox 833 331 903 372; x_wconf 89' lang='lat' dir='ltr'>mus.</span> <span class='ocrx_word' id='word_1_8' title='bbox 922 317 972 388; x_wconf 79' lang='lat' dir='ltr'>lyr.</span> <span class='ocrx_word' id='word_1_9' title='bbox 991 333 1080 374; x_wconf 86' lang='lat' dir='ltr'>enarr.</span> <span class='ocrx_word' id='word_1_10' title='bbox 1100 334 1166 374; x_wconf 86' lang='lat' dir='ltr'>usus</span> <span class='ocrx_word' id='word_1_11' title='bbox 1183 317 1228 375; x_wconf 86' lang='lat' dir='ltr'>sit.</span> <span class='ocrx_word' id='word_1_12' title='bbox 1264 319 1305 379; x_wconf 78' lang='lat'>95</span> 
     </span>
    </p>
   </div>
   <div class='ocr_carea' id='block_1_2' title="bbox 151 479 1309 877">
    <p class='ocr_par' dir='ltr' id='par_1_2' title="bbox 151 479 1309 877">
     <span class='ocr_line' id='line_1_2' title="bbox 152 479 1308 574; baseline 0.006 -22"><span class='ocrx_word' id='word_1_13' title='bbox 152 489 194 574; x_wconf 78' lang='grc' dir='ltr'>τῇ</span> <span class='ocrx_word' id='word_1_14' title='bbox 209 479 307 574; x_wconf 70' lang='grc' dir='ltr'>Ἀσίᾳ</span> <span class='ocrx_word' id='word_1_15' title='bbox 321 489 566 564; x_wconf 79' lang='grc' dir='ltr'><strong><em>κατοικοῦντας.</em></strong></span> <span class='ocrx_word' id='word_1_16' title='bbox 604 487 761 554; x_wconf 84' lang='lat' dir='ltr'>Turbauit</span> <span class='ocrx_word' id='word_1_17' title='bbox 782 489 880 572; x_wconf 88' lang='lat' dir='ltr'>igitur</span> <span class='ocrx_word' id='word_1_18' title='bbox 902 490 1030 574; x_wconf 79' lang='lat' dir='ltr'>glossae</span> <span class='ocrx_word' id='word_1_19' title='bbox 1053 497 1164 559; x_wconf 88' lang='lat' dir='ltr'>auctor</span> <span class='ocrx_word' id='word_1_20' title='bbox 1183 497 1308 559; x_wconf 92' lang='lat' dir='ltr'>senten·</span> 
     </span>
     <span class='ocr_line' id='line_1_3' title="bbox 151 589 1308 674; baseline 0.003 -18"><span class='ocrx_word' id='word_1_21' title='bbox 151 593 270 657; x_wconf 85' lang='lat' dir='ltr'>tiarum</span> <span class='ocrx_word' id='word_1_22' title='bbox 291 610 421 657; x_wconf 84' lang='lat' dir='ltr'>nexum.</span> <span class='ocrx_word' id='word_1_23' title='bbox 458 591 526 656; x_wconf 87' lang='lat' dir='ltr'>Iam</span> <span class='ocrx_word' id='word_1_24' title='bbox 550 589 627 656; x_wconf 89' lang='lat' dir='ltr'>data</span> <span class='ocrx_word' id='word_1_25' title='bbox 649 595 697 657; x_wconf 88' lang='lat' dir='ltr'>est</span> <span class='ocrx_word' id='word_1_26' title='bbox 719 591 818 674; x_wconf 91' lang='lat' dir='ltr'>opti0,</span> <span class='ocrx_word' id='word_1_27' title='bbox 841 597 946 657; x_wconf 91' lang='lat' dir='ltr'>utrum</span> <span class='ocrx_word' id='word_1_28' title='bbox 968 592 1175 658; x_wconf 83' lang='lat' dir='ltr'>Heraclidem</span> <span class='ocrx_word' id='word_1_29' title='bbox 1197 614 1219 658; x_wconf 87' lang='lat' dir='ltr'>a</span> <span class='ocrx_word' id='word_1_30' title='bbox 1240 594 1308 659; x_wconf 89' lang='lat' dir='ltr'>Du·</span> 
     </span>
     <span class='ocr_line' id='line_1_4' title="bbox 151 691 1307 775; baseline 0.002 -17"><span class='ocrx_word' id='word_1_31' title='bbox 151 693 224 758; x_wconf 90' lang='lat' dir='ltr'>ride</span> <span class='ocrx_word' id='word_1_32' title='bbox 253 692 448 775; x_wconf 87' lang='lat' dir='ltr'>descriptum</span> <span class='ocrx_word' id='word_1_33' title='bbox 469 712 512 756; x_wconf 89' lang='lat' dir='ltr'>an</span> <span class='ocrx_word' id='word_1_34' title='bbox 532 691 740 758; x_wconf 79' lang='lat' dir='ltr'>Aristotelem</span> <span class='ocrx_word' id='word_1_35' title='bbox 762 692 803 756; x_wconf 89' lang='lat' dir='ltr'>ab</span> <span class='ocrx_word' id='word_1_36' title='bbox 826 697 961 775; x_wconf 87' lang='lat' dir='ltr'>utroque</span> <span class='ocrx_word' id='word_1_37' title='bbox 989 711 1160 759; x_wconf 88' lang='lat' dir='ltr'>sumamus.</span> <span class='ocrx_word' id='word_1_38' title='bbox 1205 692 1307 760; x_wconf 88' lang='lat' dir='ltr'>Hera·</span> 
     </span>
     <span class='ocr_line' id='line_1_5' title="bbox 153 792 1309 877; baseline 0 -17"><span class='ocrx_word' id='word_1_39' title='bbox 153 794 272 860; x_wconf 89' lang='lat' dir='ltr'>elidem</span> <span class='ocrx_word' id='word_1_40' title='bbox 302 812 379 859; x_wconf 89' lang='lat' dir='ltr'>uero</span> <span class='ocrx_word' id='word_1_41' title='bbox 409 813 481 860; x_wconf 94' lang='lat' dir='ltr'>cum</span> <span class='ocrx_word' id='word_1_42' title='bbox 514 793 548 858; x_wconf 91' lang='lat' dir='ltr'>in</span> <span class='ocrx_word' id='word_1_43' title='bbox 581 792 815 859; x_wconf 88' lang='lat' dir='ltr'>conscribenda</span> <span class='ocrx_word' id='word_1_44' title='bbox 843 792 1139 877; x_wconf 85' lang='lat' dir='ltr'>Terpandridarum</span> <span class='ocrx_word' id='word_1_45' title='bbox 1172 793 1309 860; x_wconf 89' lang='lat' dir='ltr'>historia</span> 
     </span>
    </p>
   </div>
   <div class='ocr_carea' id='block_1_3' title="bbox 153 893 1439 979">
    <p class='ocr_par' dir='ltr' id='par_1_3' title="bbox 153 893 1439 979">
     <span class='ocr_line' id='line_1_6' title="bbox 153 893 1439 979; baseline 0.002 -20"><span class='ocrx_word' id='word_1_46' title='bbox 153 897 260 979; x_wconf 93' lang='lat' dir='ltr'>ipsum</span> <span class='ocrx_word' id='word_1_47' title='bbox 281 895 386 961; x_wconf 88' lang='lat' dir='ltr'>fontes</span> <span class='ocrx_word' id='word_1_48' title='bbox 407 894 594 979; x_wconf 89' lang='lat' dir='ltr'>primarios,</span> <span class='ocrx_word' id='word_1_49' title='bbox 624 894 850 978; x_wconf 82' lang='lat' dir='ltr'>inscriptiones</span> <span class='ocrx_word' id='word_1_50' title='bbox 873 893 962 978; x_wconf 90' lang='lat' dir='ltr'>dico,</span> <span class='ocrx_word' id='word_1_51' title='bbox 992 894 1112 962; x_wconf 85' lang='lat' dir='ltr'>adiisse</span> <span class='ocrx_word' id='word_1_52' title='bbox 1135 896 1273 962; x_wconf 86' lang='lat' dir='ltr'>sciamus</span> <span class='ocrx_word' id='word_1_53' title='bbox 1285 898 1307 973; x_wconf 92' lang='lat'>¹)</span> <span class='ocrx_word' id='word_1_54' title='bbox 1436 937 1439 942; x_wconf 94' lang='lat'>-</span> 
     </span>
    </p>
   </div>
   <div class='ocr_carea' id='block_1_4' title="bbox 149 992 1309 3814">
    <p class='ocr_par' dir='ltr' id='par_1_4' title="bbox 150 992 1309 2700">
     <span class='ocr_line' id='line_1_7' title="bbox 152 992 1309 1080; baseline -0.001 -18"><span class='ocrx_word' id='word_1_55' title='bbox 152 1016 259 1080; x_wconf 91' lang='lat' dir='ltr'>neque</span> <span class='ocrx_word' id='word_1_56' title='bbox 282 1001 421 1080; x_wconf 89' lang='lat' dir='ltr'>constet,</span> <span class='ocrx_word' id='word_1_57' title='bbox 450 1016 528 1062; x_wconf 89' lang='lat' dir='ltr'>num</span> <span class='ocrx_word' id='word_1_58' title='bbox 551 992 742 1080; x_wconf 71' lang='grc' dir='ltr'><strong><em>συναγωγήν</em></strong></span> <span class='ocrx_word' id='word_1_59' title='bbox 765 1015 857 1062; x_wconf 90' lang='lat' dir='ltr'>suam</span> <span class='ocrx_word' id='word_1_60' title='bbox 882 1000 956 1080; x_wconf 88' lang='lat' dir='ltr'>post</span> <span class='ocrx_word' id='word_1_61' title='bbox 977 995 1159 1063; x_wconf 89' lang='lat' dir='ltr'>Aristotelis</span> <span class='ocrx_word' id='word_1_62' title='bbox 1188 997 1309 1079; x_wconf 86' lang='lat' dir='ltr'>scripta</span> 
     </span>
     <span class='ocr_line' id='line_1_8' title="bbox 152 1096 1308 1180; baseline -0.001 -16"><span class='ocrx_word' id='word_1_63' title='bbox 152 1100 275 1165; x_wconf 90' lang='lat' dir='ltr'>musica</span> <span class='ocrx_word' id='word_1_64' title='bbox 291 1097 441 1180; x_wconf 90' lang='lat' dir='ltr'>ediderit,</span> <span class='ocrx_word' id='word_1_65' title='bbox 463 1103 572 1164; x_wconf 88' lang='lat' dir='ltr'>nostro</span> <span class='ocrx_word' id='word_1_66' title='bbox 588 1099 656 1163; x_wconf 90' lang='grc'><strong>1666</strong></span> <span class='ocrx_word' id='word_1_67' title='bbox 672 1097 766 1163; x_wconf 92' lang='lat' dir='ltr'>nobis</span> <span class='ocrx_word' id='word_1_68' title='bbox 789 1097 938 1164; x_wconf 90' lang='lat' dir='ltr'>uidemur</span> <span class='ocrx_word' id='word_1_69' title='bbox 951 1097 1159 1164; x_wconf 85' lang='lat' dir='ltr'>Aristotelem</span> <span class='ocrx_word' id='word_1_70' title='bbox 1181 1097 1223 1162; x_wconf 91' lang='lat' dir='ltr'>ab</span> <span class='ocrx_word' id='word_1_71' title='bbox 1245 1096 1308 1163; x_wconf 91' lang='lat' dir='ltr'>hac</span> 
     </span>
     <span class='ocr_line' id='line_1_9' title="bbox 151 1188 1303 1283; baseline -0.003 -17"><span class='ocrx_word' id='word_1_72' title='bbox 151 1201 339 1283; x_wconf 89' lang='lat' dir='ltr'>quaestione</span> <span class='ocrx_word' id='word_1_73' title='bbox 355 1201 484 1265; x_wconf 92' lang='lat' dir='ltr'>omnino</span> <span class='ocrx_word' id='word_1_74' title='bbox 499 1217 675 1264; x_wconf 89' lang='lat' dir='ltr'>remouere.</span> <span class='ocrx_word' id='word_1_75' title='bbox 708 1197 858 1264; x_wconf 75' lang='lat' dir='ltr'>Ceterum</span> <span class='ocrx_word' id='word_1_76' title='bbox 873 1198 959 1282; x_wconf 90' lang='lat' dir='ltr'>quod</span> <span class='ocrx_word' id='word_1_77' title='bbox 970 1199 1056 1265; x_wconf 88' lang='lat' dir='ltr'>Rose</span> <span class='ocrx_word' id='word_1_78' title='bbox 1068 1191 1155 1265; x_wconf 88' lang='lat' dir='ltr'>‘cum</span> <span class='ocrx_word' id='word_1_79' title='bbox 1166 1188 1303 1263; x_wconf 87' lang='lat' dir='ltr'>Duride’</span> 
     </span>
     <span class='ocr_line' id='line_1_10' title="bbox 151 1294 1306 1384; baseline 0 -17"><span class='ocrx_word' id='word_1_80' title='bbox 151 1303 255 1384; x_wconf 89' lang='lat' dir='ltr'>inquit</span> <span class='ocrx_word' id='word_1_81' title='bbox 266 1294 314 1367; x_wconf 89' lang='lat' dir='ltr'>‘et</span> <span class='ocrx_word' id='word_1_82' title='bbox 328 1301 370 1366; x_wconf 93' lang='lat' dir='ltr'>de</span> <span class='ocrx_word' id='word_1_83' title='bbox 381 1298 565 1383; x_wconf 91' lang='lat' dir='ltr'>Amphione</span> <span class='ocrx_word' id='word_1_84' title='bbox 581 1298 779 1365; x_wconf 91' lang='lat' dir='ltr'>citharodiae</span> <span class='ocrx_word' id='word_1_85' title='bbox 794 1301 961 1365; x_wconf 89' lang='lat' dir='ltr'>inuentore</span> <span class='ocrx_word' id='word_1_86' title='bbox 974 1300 1194 1365; x_wconf 83' lang='lat' dir='ltr'>consentiebat</span> <span class='ocrx_word' id='word_1_87' title='bbox 1204 1299 1306 1367; x_wconf 88' lang='lat' dir='ltr'>Hera·</span> 
     </span>
     <span class='ocr_line' id='line_1_11' title="bbox 151 1393 1307 1485; baseline -0.003 -17"><span class='ocrx_word' id='word_1_88' title='bbox 151 1393 282 1485; x_wconf 79' lang='lat' dir='ltr'>clides’,</span> <span class='ocrx_word' id='word_1_89' title='bbox 312 1422 389 1468; x_wconf 89' lang='lat' dir='ltr'>saue</span> <span class='ocrx_word' id='word_1_90' title='bbox 420 1420 503 1484; x_wconf 88' lang='lat' dir='ltr'>quae</span> <span class='ocrx_word' id='word_1_91' title='bbox 530 1400 619 1484; x_wconf 91' lang='lat' dir='ltr'>apud</span> <span class='ocrx_word' id='word_1_92' title='bbox 643 1401 727 1466; x_wconf 92' lang='lat' dir='ltr'>Plut.</span> <span class='ocrx_word' id='word_1_93' title='bbox 743 1400 881 1467; x_wconf 92' lang='lat' dir='ltr'>demus.</span> <span class='ocrx_word' id='word_1_94' title='bbox 903 1403 964 1465; x_wconf 86' lang='grc'>63</span> <span class='ocrx_word' id='word_1_95' title='bbox 991 1401 1042 1478; x_wconf 86' lang='lat' dir='ltr'>(cf.</span> <span class='ocrx_word' id='word_1_96' title='bbox 1064 1401 1148 1465; x_wconf 89' lang='lat' dir='ltr'>Plin.</span> <span class='ocrx_word' id='word_1_97' title='bbox 1160 1401 1235 1484; x_wconf 89' lang='lat' dir='ltr'>VH,</span> <span class='ocrx_word' id='word_1_98' title='bbox 1253 1402 1307 1477; x_wconf 80' lang='lat'>59)</span> 
     </span>
     <span class='ocr_line' id='line_1_12' title="bbox 153 1500 1307 1588; baseline -0.003 -19"><span class='ocrx_word' id='word_1_99' title='bbox 153 1511 186 1569; x_wconf 91' lang='lat' dir='ltr'>et</span> <span class='ocrx_word' id='word_1_100' title='bbox 208 1505 242 1569; x_wconf 92' lang='grc'>16</span> <span class='ocrx_word' id='word_1_101' title='bbox 264 1505 313 1568; x_wconf 86' lang='grc' dir='ltr'>Ε1.</span> <span class='ocrx_word' id='word_1_102' title='bbox 330 1504 371 1568; x_wconf 90' lang='lat' dir='ltr'>M.</span> <span class='ocrx_word' id='word_1_103' title='bbox 395 1525 426 1588; x_wconf 92' lang='lat' dir='ltr'>p.</span> <span class='ocrx_word' id='word_1_104' title='bbox 440 1505 511 1586; x_wconf 88' lang='lat'><strong>513,</strong></span> <span class='ocrx_word' id='word_1_105' title='bbox 523 1504 564 1566; x_wconf 82' lang='lat'>23</span> <span class='ocrx_word' id='word_1_106' title='bbox 587 1503 656 1568; x_wconf 92' lang='lat' dir='ltr'>illic</span> <span class='ocrx_word' id='word_1_107' title='bbox 671 1522 713 1568; x_wconf 83' lang='lat' dir='ltr'>ex</span> <span class='ocrx_word' id='word_1_108' title='bbox 728 1501 902 1568; x_wconf 87' lang='lat' dir='ltr'>Heraclide</span> <span class='ocrx_word' id='word_1_109' title='bbox 925 1500 978 1567; x_wconf 89' lang='lat' dir='ltr'>hic</span> <span class='ocrx_word' id='word_1_110' title='bbox 998 1501 1156 1567; x_wconf 92' lang='lat' dir='ltr'>eDuride</span> <span class='ocrx_word' id='word_1_111' title='bbox 1178 1521 1307 1566; x_wconf 87' lang='grc'><strong>666666-</strong></span> 
     </span>
     <span class='ocr_line' id='line_1_13' title="bbox 152 1601 1307 1688; baseline -0.003 -18"><span class='ocrx_word' id='word_1_112' title='bbox 152 1612 213 1686; x_wconf 88' lang='lat' dir='ltr'>tur,</span> <span class='ocrx_word' id='word_1_113' title='bbox 236 1624 301 1669; x_wconf 91' lang='grc'>666</span> <span class='ocrx_word' id='word_1_114' title='bbox 314 1610 458 1688; x_wconf 90' lang='lat' dir='ltr'>pugnant</span> <span class='ocrx_word' id='word_1_115' title='bbox 472 1604 554 1670; x_wconf 91' lang='lat' dir='ltr'>inter</span> <span class='ocrx_word' id='word_1_116' title='bbox 569 1623 620 1686; x_wconf 88' lang='lat' dir='ltr'>se;</span> <span class='ocrx_word' id='word_1_117' title='bbox 643 1602 701 1670; x_wconf 90' lang='grc'>661</span> <span class='ocrx_word' id='word_1_118' title='bbox 716 1604 814 1670; x_wconf 88' lang='lat' dir='ltr'>Duris</span> <span class='ocrx_word' id='word_1_119' title='bbox 835 1622 906 1669; x_wconf 93' lang='lat' dir='ltr'>cum</span> <span class='ocrx_word' id='word_1_120' title='bbox 928 1601 1085 1669; x_wconf 85' lang='lat' dir='ltr'>citharam</span> <span class='ocrx_word' id='word_1_121' title='bbox 1107 1602 1186 1668; x_wconf 93' lang='lat' dir='ltr'>dicit</span> <span class='ocrx_word' id='word_1_122' title='bbox 1208 1603 1307 1668; x_wconf 91' lang='lat' dir='ltr'>nomi·</span> 
     </span>
     <span class='ocr_line' id='line_1_14' title="bbox 151 1694 1308 1790; baseline -0.002 -20"><span class='ocrx_word' id='word_1_123' title='bbox 151 1712 261 1770; x_wconf 89' lang='lat' dir='ltr'>natam</span> <span class='ocrx_word' id='word_1_124' title='bbox 287 1724 357 1771; x_wconf 85' lang='grc'><strong>6666</strong></span> <span class='ocrx_word' id='word_1_125' title='bbox 380 1695 449 1768; x_wconf 74' lang='grc' dir='ltr'><strong><em>ἇτεὸ</em></strong></span> <span class='ocrx_word' id='word_1_126' title='bbox 473 1705 533 1770; x_wconf 82' lang='grc' dir='ltr'>τοῦ</span> <span class='ocrx_word' id='word_1_127' title='bbox 553 1707 773 1790; x_wconf 76' lang='grc' dir='ltr'><strong><em>Κιθαίρωνσς</em></strong></span> <span class='ocrx_word' id='word_1_128' title='bbox 794 1694 848 1769; x_wconf 79' lang='grc' dir='ltr'>ὅτι</span> <span class='ocrx_word' id='word_1_129' title='bbox 869 1695 1023 1790; x_wconf 78' lang='grc' dir='ltr'><em>Ἀμφίων</em></span> <span class='ocrx_word' id='word_1_130' title='bbox 1046 1700 1150 1768; x_wconf 76' lang='grc' dir='ltr'><strong><em>ἐκεῖσε</em></strong></span> <span class='ocrx_word' id='word_1_131' title='bbox 1172 1699 1308 1786; x_wconf 58' lang='lat' dir='ltr'>&amp;povoc-</span> 
     </span>
     <span class='ocr_line' id='line_1_15' title="bbox 150 1804 1307 1890; baseline 0.001 -21"><span class='ocrx_word' id='word_1_132' title='bbox 150 1804 589 1888; x_wconf 76' lang='grc' dir='ltr'><strong>κεύ6το,6666111]6661166</strong></span> <span class='ocrx_word' id='word_1_133' title='bbox 612 1807 831 1873; x_wconf 89' lang='lat' dir='ltr'>inuentionem</span> <span class='ocrx_word' id='word_1_134' title='bbox 846 1805 1023 1890; x_wconf 86' lang='lat' dir='ltr'>Amphioni</span> <span class='ocrx_word' id='word_1_135' title='bbox 1045 1805 1178 1871; x_wconf 82' lang='lat' dir='ltr'>tribuit?</span> <span class='ocrx_word' id='word_1_136' title='bbox 1216 1804 1307 1883; x_wconf 77' lang='lat' dir='ltr'>Quae</span> 
     </span>
     <span class='ocr_line' id='line_1_16' title="bbox 150 1906 1306 1991; baseline -0.002 -18"><span class='ocrx_word' id='word_1_137' title='bbox 150 1927 228 1974; x_wconf 90' lang='lat' dir='ltr'>uero</span> <span class='ocrx_word' id='word_1_138' title='bbox 244 1906 332 1991; x_wconf 91' lang='lat' dir='ltr'>apud</span> <span class='ocrx_word' id='word_1_139' title='bbox 346 1908 396 1972; x_wconf 82' lang='lat' dir='ltr'>Et.</span> <span class='ocrx_word' id='word_1_140' title='bbox 412 1908 454 1971; x_wconf 91' lang='lat' dir='ltr'>M.</span> <span class='ocrx_word' id='word_1_141' title='bbox 477 1928 508 1991; x_wconf 90' lang='lat' dir='ltr'>p.</span> <span class='ocrx_word' id='word_1_142' title='bbox 524 1911 595 1991; x_wconf 83' lang='lat'>153,</span> <span class='ocrx_word' id='word_1_143' title='bbox 607 1911 648 1972; x_wconf 83' lang='lat'>28</span> <span class='ocrx_word' id='word_1_144' title='bbox 670 1907 712 1974; x_wconf 88' lang='grc'>16</span> <span class='ocrx_word' id='word_1_145' title='bbox 728 1908 834 1973; x_wconf 87' lang='lat' dir='ltr'>Niobe</span> <span class='ocrx_word' id='word_1_146' title='bbox 856 1908 1016 1990; x_wconf 85' lang='lat' dir='ltr'>leguntur,</span> <span class='ocrx_word' id='word_1_147' title='bbox 1038 1925 1143 1989; x_wconf 92' lang='lat' dir='ltr'>neque</span> <span class='ocrx_word' id='word_1_148' title='bbox 1165 1906 1209 1971; x_wconf 89' lang='lat' dir='ltr'>ad</span> <span class='ocrx_word' id='word_1_149' title='bbox 1231 1925 1306 1972; x_wconf 89' lang='lat' dir='ltr'>ean·</span> 
     </span>
     <span class='ocr_line' id='line_1_17' title="bbox 151 2007 1307 2092; baseline -0.001 -18"><span class='ocrx_word' id='word_1_150' title='bbox 151 2008 227 2075; x_wconf 91' lang='lat' dir='ltr'>dem</span> <span class='ocrx_word' id='word_1_151' title='bbox 241 2027 309 2073; x_wconf 91' lang='lat' dir='ltr'>rem</span> <span class='ocrx_word' id='word_1_152' title='bbox 324 2014 470 2091; x_wconf 87' lang='lat' dir='ltr'>spectant</span> <span class='ocrx_word' id='word_1_153' title='bbox 483 2026 597 2090; x_wconf 89' lang='lat' dir='ltr'>neque,</span> <span class='ocrx_word' id='word_1_154' title='bbox 617 2010 644 2075; x_wconf 91' lang='lat' dir='ltr'>si</span> <span class='ocrx_word' id='word_1_155' title='bbox 659 2011 705 2074; x_wconf 92' lang='lat' dir='ltr'>ita</span> <span class='ocrx_word' id='word_1_156' title='bbox 720 2016 814 2092; x_wconf 91' lang='lat' dir='ltr'>esset,</span> <span class='ocrx_word' id='word_1_157' title='bbox 838 2008 955 2074; x_wconf 89' lang='lat' dir='ltr'>Duridi</span> <span class='ocrx_word' id='word_1_158' title='bbox 971 2028 1010 2074; x_wconf 90' lang='lat' dir='ltr'>ea</span> <span class='ocrx_word' id='word_1_159' title='bbox 1025 2007 1213 2073; x_wconf 89' lang='lat' dir='ltr'>adiudicare</span> <span class='ocrx_word' id='word_1_160' title='bbox 1231 2007 1307 2073; x_wconf 88' lang='lat' dir='ltr'>lice·</span> 
     </span>
     <span class='ocr_line' id='line_1_18' title="bbox 151 2108 1308 2193; baseline -0.001 -18"><span class='ocrx_word' id='word_1_161' title='bbox 151 2116 218 2192; x_wconf 88' lang='lat' dir='ltr'>1·et;</span> <span class='ocrx_word' id='word_1_162' title='bbox 241 2130 316 2175; x_wconf 88' lang='lat' dir='ltr'>nam</span> <span class='ocrx_word' id='word_1_163' title='bbox 332 2129 415 2192; x_wconf 93' lang='lat' dir='ltr'>quae</span> <span class='ocrx_word' id='word_1_164' title='bbox 436 2108 630 2175; x_wconf 90' lang='lat' dir='ltr'>antecedunt</span> <span class='ocrx_word' id='word_1_165' title='bbox 651 2109 693 2175; x_wconf 92' lang='lat' dir='ltr'>de</span> <span class='ocrx_word' id='word_1_166' title='bbox 716 2110 840 2176; x_wconf 89' lang='lat' dir='ltr'>cithara</span> <span class='ocrx_word' id='word_1_167' title='bbox 855 2110 1010 2193; x_wconf 82' lang='lat' dir='ltr'>Asiatica,</span> <span class='ocrx_word' id='word_1_168' title='bbox 1033 2109 1156 2174; x_wconf 89' lang='lat' dir='ltr'>auctori</span> <span class='ocrx_word' id='word_1_169' title='bbox 1178 2108 1308 2191; x_wconf 84' lang='lat' dir='ltr'>glossae</span> 
     </span>
     <span class='ocr_line' id='line_1_19' title="bbox 152 2210 1308 2299; baseline -0.003 -22"><span class='ocrx_word' id='word_1_170' title='bbox 152 2210 228 2294; x_wconf 85' lang='lat' dir='ltr'>Seg.</span> <span class='ocrx_word' id='word_1_171' title='bbox 252 2217 415 2294; x_wconf 90' lang='lat' dir='ltr'>nequeunt</span> <span class='ocrx_word' id='word_1_172' title='bbox 436 2210 557 2294; x_wconf 87' lang='lat' dir='ltr'>deberi,</span> <span class='ocrx_word' id='word_1_173' title='bbox 581 2216 691 2299; x_wconf 84' lang='lat' dir='ltr'>utpote</span> <span class='ocrx_word' id='word_1_174' title='bbox 714 2230 796 2292; x_wconf 87' lang='lat' dir='ltr'>quae</span> <span class='ocrx_word' id='word_1_175' title='bbox 818 2231 949 2295; x_wconf 89' lang='lat' dir='ltr'>prorsus</span> <span class='ocrx_word' id='word_1_176' title='bbox 971 2210 1133 2277; x_wconf 90' lang='lat' dir='ltr'>diuersam</span> <span class='ocrx_word' id='word_1_177' title='bbox 1156 2215 1308 2293; x_wconf 89' lang='lat' dir='ltr'>sequatur</span> 
     </span>
     <span class='ocr_line' id='line_1_20' title="bbox 152 2311 1308 2395; baseline -0.001 -17"><span class='ocrx_word' id='word_1_178' title='bbox 152 2312 339 2379; x_wconf 89' lang='lat' dir='ltr'>doctrinam.</span> <span class='ocrx_word' id='word_1_179' title='bbox 385 2313 499 2395; x_wconf 87' lang='lat' dir='ltr'>Neque</span> <span class='ocrx_word' id='word_1_180' title='bbox 522 2311 610 2395; x_wconf 92' lang='lat' dir='ltr'>quod</span> <span class='ocrx_word' id='word_1_181' title='bbox 631 2311 719 2395; x_wconf 91' lang='lat' dir='ltr'>apud</span> <span class='ocrx_word' id='word_1_182' title='bbox 740 2312 824 2377; x_wconf 92' lang='lat' dir='ltr'>Plut.</span> <span class='ocrx_word' id='word_1_183' title='bbox 847 2333 917 2395; x_wconf 86' lang='lat' dir='ltr'>cap.</span> <span class='ocrx_word' id='word_1_184' title='bbox 930 2315 969 2375; x_wconf 80' lang='lat'>15</span> <span class='ocrx_word' id='word_1_185' title='bbox 998 2312 1116 2378; x_wconf 86' lang='lat' dir='ltr'>similia</span> <span class='ocrx_word' id='word_1_186' title='bbox 1138 2311 1179 2377; x_wconf 93' lang='lat' dir='ltr'>de</span> <span class='ocrx_word' id='word_1_187' title='bbox 1201 2311 1308 2377; x_wconf 88' lang='lat' dir='ltr'>Niobe</span> 
     </span>
     <span class='ocr_line' id='line_1_21' title="bbox 150 2413 1308 2498; baseline 0 -20"><span class='ocrx_word' id='word_1_188' title='bbox 150 2420 319 2480; x_wconf 89' lang='lat' dir='ltr'>narrantur</span> <span class='ocrx_word' id='word_1_189' title='bbox 340 2415 387 2480; x_wconf 90' lang='grc'>616</span> <span class='ocrx_word' id='word_1_190' title='bbox 411 2433 494 2497; x_wconf 90' lang='lat' dir='ltr'>quae</span> <span class='ocrx_word' id='word_1_191' title='bbox 517 2415 566 2478; x_wconf 86' lang='grc'><strong>111.</strong></span> <span class='ocrx_word' id='word_1_192' title='bbox 582 2415 624 2479; x_wconf 88' lang='lat' dir='ltr'>M.</span> <span class='ocrx_word' id='word_1_193' title='bbox 647 2413 791 2496; x_wconf 88' lang='lat' dir='ltr'>praebet,</span> <span class='ocrx_word' id='word_1_194' title='bbox 815 2413 891 2478; x_wconf 92' lang='lat' dir='ltr'>inde</span> <span class='ocrx_word' id='word_1_195' title='bbox 914 2413 1064 2480; x_wconf 91' lang='lat' dir='ltr'>concludi</span> <span class='ocrx_word' id='word_1_196' title='bbox 1085 2419 1192 2498; x_wconf 91' lang='lat' dir='ltr'>potest</span> <span class='ocrx_word' id='word_1_197' title='bbox 1205 2413 1308 2478; x_wconf 88' lang='lat' dir='ltr'>Hera·</span> 
     </span>
     <span class='ocr_line' id='line_1_22' title="bbox 151 2514 1308 2598; baseline -0.002 -17"><span class='ocrx_word' id='word_1_198' title='bbox 151 2515 246 2581; x_wconf 91' lang='lat' dir='ltr'>clidis</span> <span class='ocrx_word' id='word_1_199' title='bbox 269 2535 340 2582; x_wconf 91' lang='lat' dir='ltr'>esse</span> <span class='ocrx_word' id='word_1_200' title='bbox 363 2514 447 2581; x_wconf 89' lang='lat' dir='ltr'>hano</span> <span class='ocrx_word' id='word_1_201' title='bbox 469 2516 674 2581; x_wconf 85' lang='lat' dir='ltr'>sententiam:</span> <span class='ocrx_word' id='word_1_202' title='bbox 703 2515 802 2581; x_wconf 93' lang='lat' dir='ltr'>immo</span> <span class='ocrx_word' id='word_1_203' title='bbox 824 2514 991 2581; x_wconf 88' lang='lat' dir='ltr'>Plutarchi</span> <span class='ocrx_word' id='word_1_204' title='bbox 1019 2514 1101 2580; x_wconf 89' lang='lat' dir='ltr'>illud</span> <span class='ocrx_word' id='word_1_205' title='bbox 1125 2520 1221 2598; x_wconf 89' lang='lat' dir='ltr'>caput</span> <span class='ocrx_word' id='word_1_206' title='bbox 1243 2533 1308 2580; x_wconf 91' lang='lat' dir='ltr'>non</span> 
     </span>
     <span class='ocr_line' id='line_1_23' title="bbox 153 2615 1162 2700; baseline -0.003 -16"><span class='ocrx_word' id='word_1_207' title='bbox 153 2636 224 2684; x_wconf 90' lang='lat' dir='ltr'>esse</span> <span class='ocrx_word' id='word_1_208' title='bbox 246 2637 288 2683; x_wconf 87' lang='lat' dir='ltr'>ex</span> <span class='ocrx_word' id='word_1_209' title='bbox 310 2615 483 2682; x_wconf 83' lang='lat' dir='ltr'>Heraclide</span> <span class='ocrx_word' id='word_1_210' title='bbox 506 2615 655 2682; x_wconf 88' lang='lat' dir='ltr'>haustum</span> <span class='ocrx_word' id='word_1_211' title='bbox 677 2615 848 2700; x_wconf 89' lang='lat' dir='ltr'>Westphal</span> <span class='ocrx_word' id='word_1_212' title='bbox 869 2616 979 2682; x_wconf 90' lang='lat' dir='ltr'>docuit</span> <span class='ocrx_word' id='word_1_213' title='bbox 1000 2637 1032 2700; x_wconf 92' lang='lat' dir='ltr'>p.</span> <span class='ocrx_word' id='word_1_214' title='bbox 1049 2618 1098 2681; x_wconf 85' lang='grc'>16.</span> <span class='ocrx_word' id='word_1_215' title='bbox 1111 2618 1162 2681; x_wconf 87' lang='grc'>25.</span> 
     </span>
    </p>

    <p class='ocr_par' dir='ltr' id='par_1_5' title="bbox 151 2716 1307 2883">
     <span class='ocr_line' id='line_1_24' title="bbox 237 2716 1307 2800; baseline -0.003 -16"><span class='ocrx_word' id='word_1_216' title='bbox 237 2719 297 2784; x_wconf 90' lang='lat' dir='ltr'>His</span> <span class='ocrx_word' id='word_1_217' title='bbox 313 2719 460 2783; x_wconf 87' lang='lat' dir='ltr'>omnibus</span> <span class='ocrx_word' id='word_1_218' title='bbox 475 2718 643 2800; x_wconf 85' lang='lat' dir='ltr'>perpensis</span> <span class='ocrx_word' id='word_1_219' title='bbox 658 2716 827 2782; x_wconf 87' lang='lat' dir='ltr'>Aristoclis</span> <span class='ocrx_word' id='word_1_220' title='bbox 850 2735 967 2781; x_wconf 89' lang='lat' dir='ltr'>nomen</span> <span class='ocrx_word' id='word_1_221' title='bbox 989 2716 1117 2797; x_wconf 84' lang='lat' dir='ltr'>glossae</span> <span class='ocrx_word' id='word_1_222' title='bbox 1139 2716 1307 2781; x_wconf 86' lang='lat' dir='ltr'>restituere</span> 
     </span>
     <span class='ocr_line' id='line_1_25' title="bbox 151 2819 362 2883; baseline -0.005 0"><span class='ocrx_word' id='word_1_223' title='bbox 151 2839 217 2883; x_wconf 90' lang='grc'>666</span> <span class='ocrx_word' id='word_1_224' title='bbox 239 2819 362 2883; x_wconf 91' lang='lat' dir='ltr'>dubito.</span> 
     </span>
    </p>

    <p class='ocr_par' dir='ltr' id='par_1_6' title="bbox 149 2918 1308 3814">
     <span class='ocr_line' id='line_1_26' title="bbox 239 2918 1307 3001; baseline 0.001 -19"><span class='ocrx_word' id='word_1_225' title='bbox 239 2919 384 2984; x_wconf 81' lang='lat' dir='ltr'>Tertium</span> <span class='ocrx_word' id='word_1_226' title='bbox 398 2918 649 3001; x_wconf 84' lang='lat' dir='ltr'>fragmentorum</span> <span class='ocrx_word' id='word_1_227' title='bbox 663 2937 766 3000; x_wconf 84' lang='lat' dir='ltr'>genus</span> <span class='ocrx_word' id='word_1_228' title='bbox 778 2922 835 2999; x_wconf 91' lang='grc'><strong>661,</strong></span> <span class='ocrx_word' id='word_1_229' title='bbox 852 2935 985 2999; x_wconf 86' lang='lat' dir='ltr'>quorum</span> <span class='ocrx_word' id='word_1_230' title='bbox 999 2921 1188 2998; x_wconf 84' lang='lat' dir='ltr'>argumenta</span> <span class='ocrx_word' id='word_1_231' title='bbox 1203 2918 1307 3000; x_wconf 91' lang='lat' dir='ltr'>magis</span> 
     </span>
     <span class='ocr_line' id='line_1_27' title="bbox 150 3016 1307 3101; baseline 0.001 -17"><span class='ocrx_word' id='word_1_232' title='bbox 150 3018 306 3084; x_wconf 89' lang='lat' dir='ltr'>Aristocli</span> <span class='ocrx_word' id='word_1_233' title='bbox 334 3038 431 3101; x_wconf 91' lang='lat' dir='ltr'>quam</span> <span class='ocrx_word' id='word_1_234' title='bbox 450 3018 617 3084; x_wconf 88' lang='lat' dir='ltr'>Aristoteli</span> <span class='ocrx_word' id='word_1_235' title='bbox 639 3019 811 3085; x_wconf 86' lang='lat' dir='ltr'>conuenire</span> <span class='ocrx_word' id='word_1_236' title='bbox 838 3017 1016 3083; x_wconf 91' lang='lat' dir='ltr'>uideantur.</span> <span class='ocrx_word' id='word_1_237' title='bbox 1061 3017 1113 3082; x_wconf 84' lang='lat' dir='ltr'>Ex</span> <span class='ocrx_word' id='word_1_238' title='bbox 1135 3016 1204 3100; x_wconf 90' lang='lat' dir='ltr'>his,</span> <span class='ocrx_word' id='word_1_239' title='bbox 1235 3039 1307 3086; x_wconf 90' lang='lat' dir='ltr'>cum</span> 
     </span>
     <span class='ocr_line' id='line_1_28' title="bbox 149 3118 1306 3204; baseline -0.002 -18"><span class='ocrx_word' id='word_1_240' title='bbox 149 3119 314 3186; x_wconf 88' lang='lat' dir='ltr'>Athenaei</span> <span class='ocrx_word' id='word_1_241' title='bbox 329 3120 481 3187; x_wconf 89' lang='lat' dir='ltr'>Aristocli</span> <span class='ocrx_word' id='word_1_242' title='bbox 503 3125 631 3204; x_wconf 88' lang='lat' dir='ltr'>praeter</span> <span class='ocrx_word' id='word_1_243' title='bbox 652 3120 753 3185; x_wconf 87' lang='lat' dir='ltr'>libros</span> <span class='ocrx_word' id='word_1_244' title='bbox 775 3118 855 3203; x_wconf 81' lang='grc' dir='ltr'><em>περὶ</em></span> <span class='ocrx_word' id='word_1_245' title='bbox 873 3119 999 3203; x_wconf 79' lang='grc' dir='ltr'><strong><em>χορῶν,</em></strong></span> <span class='ocrx_word' id='word_1_246' title='bbox 1014 3141 1052 3182; x_wconf 84' lang='grc' dir='ltr'>ττ.</span> <span class='ocrx_word' id='word_1_247' title='bbox 1075 3121 1244 3204; x_wconf 77' lang='grc' dir='ltr'><strong><em>μουσικῆς,</em></strong></span> <span class='ocrx_word' id='word_1_248' title='bbox 1268 3142 1306 3184; x_wconf 84' lang='grc' dir='ltr'>ιτ.</span> 
     </span>
     <span class='ocr_line' id='line_1_29' title="bbox 151 3206 1308 3308; baseline 0.002 -23"><span class='ocrx_word' id='word_1_249' title='bbox 151 3222 330 3308; x_wconf 76' lang='grc' dir='ltr'><strong><em>ποιητικῆς</em></strong></span> <span class='ocrx_word' id='word_1_250' title='bbox 351 3220 434 3286; x_wconf 90' lang='lat' dir='ltr'>nihil</span> <span class='ocrx_word' id='word_1_251' title='bbox 457 3220 654 3287; x_wconf 86' lang='lat' dir='ltr'>confidenter</span> <span class='ocrx_word' id='word_1_252' title='bbox 668 3206 816 3286; x_wconf 45' lang='lat' dir='ltr'>&gt;tribuere</span> <span class='ocrx_word' id='word_1_253' title='bbox 837 3220 943 3303; x_wconf 88' lang='lat' dir='ltr'>liceat,</span> <span class='ocrx_word' id='word_1_254' title='bbox 965 3239 1030 3285; x_wconf 88' lang='lat' dir='ltr'>non</span> <span class='ocrx_word' id='word_1_255' title='bbox 1053 3240 1200 3287; x_wconf 89' lang='lat' dir='ltr'>curamus</span> <span class='ocrx_word' id='word_1_256' title='bbox 1223 3241 1308 3287; x_wconf 86' lang='lat' dir='ltr'>nunc</span> 
     </span>
     <span class='ocr_line' id='line_1_30' title="bbox 151 3320 1306 3408; baseline -0.001 -20"><span class='ocrx_word' id='word_1_257' title='bbox 151 3324 215 3389; x_wconf 91' lang='lat' dir='ltr'>nisi</span> <span class='ocrx_word' id='word_1_258' title='bbox 236 3325 350 3408; x_wconf 86' lang='lat' dir='ltr'>fragm.</span> <span class='ocrx_word' id='word_1_259' title='bbox 365 3327 401 3387; x_wconf 92' lang='lat'>11</span> <span class='ocrx_word' id='word_1_260' title='bbox 417 3329 449 3388; x_wconf 90' lang='grc'>61</span> <span class='ocrx_word' id='word_1_261' title='bbox 461 3325 500 3385; x_wconf 91' lang='grc'>12</span> <span class='ocrx_word' id='word_1_262' title='bbox 512 3323 599 3406; x_wconf 87' lang='lat' dir='ltr'>Ros,</span> <span class='ocrx_word' id='word_1_263' title='bbox 623 3323 744 3406; x_wconf 90' lang='lat' dir='ltr'>quippe</span> <span class='ocrx_word' id='word_1_264' title='bbox 760 3320 875 3404; x_wconf 90' lang='lat' dir='ltr'>quibus</span> <span class='ocrx_word' id='word_1_265' title='bbox 891 3322 969 3388; x_wconf 87' lang='lat' dir='ltr'>solis</span> <span class='ocrx_word' id='word_1_266' title='bbox 984 3321 1025 3386; x_wconf 92' lang='lat' dir='ltr'>de</span> <span class='ocrx_word' id='word_1_267' title='bbox 1040 3341 1075 3386; x_wconf 90' lang='lat' dir='ltr'>re</span> <span class='ocrx_word' id='word_1_268' title='bbox 1090 3322 1215 3387; x_wconf 87' lang='lat' dir='ltr'>musica</span> <span class='ocrx_word' id='word_1_269' title='bbox 1229 3342 1306 3405; x_wconf 87' lang='lat' dir='ltr'>aga·</span> 
     </span>
     <span class='ocr_line' id='line_1_31' title="bbox 152 3421 1307 3507; baseline 0.003 -20"><span class='ocrx_word' id='word_1_270' title='bbox 152 3430 213 3488; x_wconf 91' lang='lat' dir='ltr'>tur.</span> <span class='ocrx_word' id='word_1_271' title='bbox 248 3424 354 3506; x_wconf 92' lang='lat' dir='ltr'>Atque</span> <span class='ocrx_word' id='word_1_272' title='bbox 376 3425 489 3507; x_wconf 84' lang='lat' dir='ltr'>fragm.</span> <span class='ocrx_word' id='word_1_273' title='bbox 504 3426 543 3487; x_wconf 91' lang='grc'>12</span> <span class='ocrx_word' id='word_1_274' title='bbox 567 3443 623 3490; x_wconf 90' lang='lat' dir='ltr'>cur</span> <span class='ocrx_word' id='word_1_275' title='bbox 637 3423 803 3491; x_wconf 88' lang='lat' dir='ltr'>Aristoteli</span> <span class='ocrx_word' id='word_1_276' title='bbox 826 3422 998 3505; x_wconf 89' lang='lat' dir='ltr'>eripiamus</span> <span class='ocrx_word' id='word_1_277' title='bbox 1020 3441 1085 3487; x_wconf 89' lang='lat' dir='ltr'>non</span> <span class='ocrx_word' id='word_1_278' title='bbox 1106 3421 1219 3506; x_wconf 88' lang='lat' dir='ltr'>uideo;</span> <span class='ocrx_word' id='word_1_279' title='bbox 1242 3424 1307 3490; x_wconf 90' lang='lat' dir='ltr'>nisi</span> 
     </span>
     <span class='ocr_line' id='line_1_32' title="bbox 152 3523 1308 3608; baseline 0.001 -20"><span class='ocrx_word' id='word_1_280' title='bbox 152 3524 235 3589; x_wconf 86' lang='lat' dir='ltr'>forte</span> <span class='ocrx_word' id='word_1_281' title='bbox 266 3544 361 3606; x_wconf 92' lang='lat' dir='ltr'>quem</span> <span class='ocrx_word' id='word_1_282' title='bbox 388 3526 480 3591; x_wconf 86' lang='lat' dir='ltr'>Rosii</span> <span class='ocrx_word' id='word_1_283' title='bbox 508 3526 692 3591; x_wconf 90' lang='lat' dir='ltr'>uniuersam</span> <span class='ocrx_word' id='word_1_284' title='bbox 720 3526 877 3590; x_wconf 89' lang='lat' dir='ltr'>rationem</span> <span class='ocrx_word' id='word_1_285' title='bbox 906 3524 996 3589; x_wconf 90' lang='lat' dir='ltr'>iuuat</span> <span class='ocrx_word' id='word_1_286' title='bbox 1025 3523 1172 3608; x_wconf 86' lang='lat' dir='ltr'>probare.</span> <span class='ocrx_word' id='word_1_287' title='bbox 1224 3525 1308 3591; x_wconf 87' lang='lat' dir='ltr'>Sunt</span> 
     </span>
     <span class='ocr_line' id='line_1_33' title="bbox 150 3615 1306 3711; baseline -0.003 -21"><span class='ocrx_word' id='word_1_288' title='bbox 150 3627 261 3691; x_wconf 83' lang='lat' dir='ltr'>Procli</span> <span class='ocrx_word' id='word_1_289' title='bbox 283 3627 384 3691; x_wconf 84' lang='lat' dir='ltr'>uerba</span> <span class='ocrx_word' id='word_1_290' title='bbox 403 3626 492 3711; x_wconf 88' lang='lat' dir='ltr'>apud</span> <span class='ocrx_word' id='word_1_291' title='bbox 512 3625 606 3692; x_wconf 88' lang='lat' dir='ltr'>Phot.</span> <span class='ocrx_word' id='word_1_292' title='bbox 629 3647 661 3710; x_wconf 92' lang='lat' dir='ltr'>p.</span> <span class='ocrx_word' id='word_1_293' title='bbox 674 3629 746 3710; x_wconf 81' lang='lat'>320,</span> <span class='ocrx_word' id='word_1_294' title='bbox 759 3628 815 3690; x_wconf 76' lang='lat'>302</span> <span class='ocrx_word' id='word_1_295' title='bbox 838 3621 896 3691; x_wconf 84' lang='grc' dir='ltr'>τὸν</span> <span class='ocrx_word' id='word_1_296' title='bbox 918 3615 1102 3710; x_wconf 78' lang='grc' dir='ltr'><strong><em>ἀρξάμενον</em></strong></span> <span class='ocrx_word' id='word_1_297' title='bbox 1123 3627 1182 3690; x_wconf 85' lang='grc' dir='ltr'>τοῦ</span> <span class='ocrx_word' id='word_1_298' title='bbox 1205 3624 1306 3690; x_wconf 63' lang='lat' dir='ltr'>dado-</span> 
     </span>
     <span class='ocr_line' id='line_1_34' title="bbox 153 3717 1306 3814; baseline 0 -24"><span class='ocrx_word' id='word_1_299' title='bbox 153 3724 284 3809; x_wconf 75' lang='grc' dir='ltr'><strong><em>ράμβσυ</em></strong></span> <span class='ocrx_word' id='word_1_300' title='bbox 310 3717 542 3813; x_wconf 79' lang='grc' dir='ltr'><strong><em>Ἀριστοτέλης</em></strong></span> <span class='ocrx_word' id='word_1_301' title='bbox 567 3718 711 3812; x_wconf 78' lang='grc' dir='ltr'><em>Ἀρίωνά</em></span> <span class='ocrx_word' id='word_1_302' title='bbox 740 3748 843 3814; x_wconf 79' lang='grc' dir='ltr'><strong><em>φησιν</em></strong></span> <span class='ocrx_word' id='word_1_303' title='bbox 872 3722 975 3806; x_wconf 78' lang='grc' dir='ltr'><strong><em>εἶναι,</em></strong></span> <span class='ocrx_word' id='word_1_304' title='bbox 1009 3724 1047 3803; x_wconf 82' lang='grc' dir='ltr'>ὃς</span> <span class='ocrx_word' id='word_1_305' title='bbox 1080 3728 1214 3811; x_wconf 77' lang='grc' dir='ltr'><strong><em>πρῶτος</em></strong></span> <span class='ocrx_word' id='word_1_306' title='bbox 1247 3722 1306 3790; x_wconf 85' lang='grc' dir='ltr'>τὸν</span> 
     </span>
    </p>
   </div>
   <div class='ocr_carea' id='block_1_5' title="bbox 155 3820 1306 3913">
    <p class='ocr_par' dir='ltr' id='par_1_7' title="bbox 155 3820 1306 3913">
     <span class='ocr_line' id='line_1_35' title="bbox 155 3820 1306 3913; baseline 0.001 -19"><span class='ocrx_word' id='word_1_307' title='bbox 155 3820 288 3894; x_wconf 78' lang='grc' dir='ltr'><strong><em>κύκλιον</em></strong></span> <span class='ocrx_word' id='word_1_308' title='bbox 302 3820 403 3912; x_wconf 76' lang='grc' dir='ltr'><em>ἤγαγε</em></span> <span class='ocrx_word' id='word_1_309' title='bbox 415 3825 525 3913; x_wconf 78' lang='grc' dir='ltr'><strong><em>χορόν.</em></strong></span> <span class='ocrx_word' id='word_1_310' title='bbox 558 3829 650 3896; x_wconf 92' lang='lat' dir='ltr'>Idem</span> <span class='ocrx_word' id='word_1_311' title='bbox 664 3828 763 3894; x_wconf 91' lang='lat' dir='ltr'>tradit</span> <span class='ocrx_word' id='word_1_312' title='bbox 778 3827 951 3913; x_wconf 74' lang='grc'><strong>61861166,</strong></span> <span class='ocrx_word' id='word_1_313' title='bbox 971 3848 1066 3912; x_wconf 90' lang='lat' dir='ltr'>quem</span> <span class='ocrx_word' id='word_1_314' title='bbox 1081 3847 1122 3893; x_wconf 86' lang='lat' dir='ltr'>ex</span> <span class='ocrx_word' id='word_1_315' title='bbox 1134 3826 1306 3895; x_wconf 91' lang='lat' dir='ltr'>Aristotele</span> 
     </span>
    </p>
   </div>
   <div class='ocr_carea' id='block_1_6' title="bbox 246 4043 880 4115">
    <p class='ocr_par' dir='ltr' id='par_1_8' title="bbox 246 4043 880 4115">
     <span class='ocr_line' id='line_1_36' title="bbox 246 4043 880 4115; baseline 0 -17"><span class='ocrx_word' id='word_1_316' title='bbox 246 4049 270 4110; x_wconf 77' lang='lat'>1)</span> <span class='ocrx_word' id='word_1_317' title='bbox 287 4043 357 4098; x_wconf 91' lang='lat' dir='ltr'>Vide</span> <span class='ocrx_word' id='word_1_318' title='bbox 374 4043 500 4113; x_wconf 88' lang='lat' dir='ltr'>Westph.</span> <span class='ocrx_word' id='word_1_319' title='bbox 518 4044 553 4099; x_wconf 84' lang='lat' dir='ltr'>ad</span> <span class='ocrx_word' id='word_1_320' title='bbox 570 4045 642 4100; x_wconf 92' lang='lat' dir='ltr'>Plut.</span> <span class='ocrx_word' id='word_1_321' title='bbox 661 4044 695 4099; x_wconf 92' lang='lat' dir='ltr'>de</span> <span class='ocrx_word' id='word_1_322' title='bbox 712 4060 781 4100; x_wconf 90' lang='lat' dir='ltr'>mus.</span> <span class='ocrx_word' id='word_1_323' title='bbox 799 4061 826 4115; x_wconf 89' lang='lat' dir='ltr'>p.</span> <span class='ocrx_word' id='word_1_324' title='bbox 839 4049 880 4098; x_wconf 78' lang='grc'>72.</span> 
     </span>
    </p>
   </div>
   <div class='ocr_carea' id='block_1_7' title="bbox 0 0 1464 4748">
    <p class='ocr_par' dir='ltr' id='par_1_9' title="bbox 0 0 1464 4748">
     <span class='ocr_line' id='line_1_37' title="bbox 0 0 1464 4748; baseline 0 0"><span class='ocrx_word' id='word_1_325' title='bbox 0 0 1464 4748; x_wconf 95' lang='lat' dir='ltr'> </span> 
     </span>
    </p>
   </div>
  </div>
 </body>
</html>
