2918 4748
149 299 213 358 104
250 344 252 349 .
549 293 663 350 carolus
680 292 810 350 Alhertus
827 292 906 364 Bapp

149 468 331 555 producere
345 467 503 534 uideatur.
540 464 608 533 Sed
627 464 709 532 haec
724 465 828 532 obiter
849 465 996 548 tetigisse
1017 466 1051 530 in
1072 484 1228 552 praesens
1249 484 1312 550 pro

149 591 222 639 meo
245 569 381 637 consilio
403 573 454 636 sat
476 573 534 635 est.

235 672 306 737 Iam
320 671 424 738 sicubi
438 671 472 736 in
487 670 553 736 illis
573 668 649 735 libri
664 669 743 736 XIV
758 667 800 736 de
815 668 939 736 musica
954 673 986 734 et
1001 668 1172 736 saltatione
1195 667 1309 753 capiti-

149 774 210 839 bus
228 772 457 840 Aristoxenum
482 777 514 838 et
535 769 819 838 Chamaeleontem
841 789 906 837 una
927 768 1111 837 uidebimus
1133 768 1309 850 adhibitos,

150 893 257 940 nonne
279 873 476 940 uerisimile
499 879 548 941 est
561 873 715 940 Aristocli
735 872 925 939 memoriam
947 892 1058 939 eorum
1080 871 1220 939 deberi?
1251 870 1310 938 Sic

149 981 228 1060 puto
244 973 482 1058 expediendam
497 993 568 1042 esse
585 965 732 1059 ἀπορίαν
753 974 843 1040 illam
866 992 963 1058 quam
985 972 1065 1040 dicit
1079 972 1194 1040 Rohde
1212 994 1243 1057 p.
1255 977 1309 1038 45.-

151 1074 302 1154 Quicum
317 1075 504 1143 Aristoxeni
519 1075 697 1143 doctrinam
717 1076 823 1142 inesse
844 1076 878 1140 in
901 1074 1060 1158 capitibus
1076 1077 1202 1139 23-26
1218 1078 1250 1141 et
1267 1076 1306 1138 31

149 1183 237 1244 recte
259 1179 462 1262 perspexerit
489 1197 549 1245 nec
577 1184 685 1244 tamen
712 1177 754 1245 ab
776 1175 961 1260 Athenaeo,
990 1178 1017 1243 si
1045 1177 1116 1263 ipse
1145 1182 1310 1243 auctorem

149 1277 383 1345 nobilissimum
398 1299 494 1347 manu
509 1285 678 1362 uersasset,
701 1297 818 1345 nomen
838 1277 907 1344 eius
929 1278 1098 1344 reticentia
1118 1278 1188 1344 lore
1211 1277 1308 1344 omis·

149 1398 220 1446 sum
236 1379 356 1464 credat,
374 1380 473 1445 alium
488 1387 651 1448 auctorem
666 1379 934 1463 circumspiciens,
959 1398 1000 1444 ex
1015 1398 1079 1461 quo
1093 1378 1309 1444 Aristoxenea

150 1479 207 1547 ille
229 1480 388 1565 hauserit,
418 1500 515 1547 unum
542 1481 651 1548 offerri
672 1480 753 1547 dicit
773 1479 1056 1547 Chamaeleontem
1078 1501 1109 1564 p.
1123 1480 1211 1545 6280
1237 1479 1309 1545 lau-

151 1579 262 1647 datum
285 1581 327 1647 de
346 1581 527 1666 saltatione,
550 1583 604 1666 qni
626 1581 762 1667 p184d
778 1580 911 1647 etunsf
929 1581 1071 1664 proferat
1084 1581 1310 1648 Aristoxeneis

151 1701 248 1767 quam
270 1685 412 1749 maxime
428 1689 573 1767 cognata.
611 1685 653 1749 nt
673 1703 867 1767 quamquam
888 1683 959 1767 ipse
982 1684 1185 1749 coniecturae
1207 1683 1308 1748 auda·

122 1836 125 1841 <
151 1784 300 1850 cissimae
323 1784 442 1850 diffidit
463 1785 588 1868 merito,
610 1786 709 1851 aliam
730 1791 839 1851 tamen
861 1785 949 1850 uiam
972 1783 1149 1850 soluendae
1171 1783 1310 1850 difficul-

149 1886 225 1953 tatis
248 1905 283 1952 se
304 1906 369 1952 non
391 1878 504 1952 uidere
525 1886 651 1954 fatetur.
695 1885 789 1965 Quod
812 1906 889 1953 uero
913 1879 1015 1971 ‘ipsas
1037 1887 1212 1953 sententias
1234 1885 1309 1951 Ari·

150 1987 277 2053 stoxeni
291 1989 439 2073 proprias
457 2008 527 2055 esse
541 1988 608 2055 fere
624 1979 748 2056 omnes'
763 1987 852 2072 dicit,
870 1987 912 2055 de
927 1989 993 2055 illis
1009 2007 1091 2071 quae
1106 1987 1149 2053 ad
1164 1988 1309 2055 musicae

149 2090 217 2153 nim
239 2088 409 2172 mitigandi
431 2095 528 2173 atque
554 2088 705 2156 medendi
733 2094 896 2174 spectant,
927 2088 990 2156 hoo
1018 2090 1088 2156 sine
1114 2089 1309 2156 limitatione

148 2207 215 2254 non
229 2187 408 2255 admittam.
444 2189 547 2256 Immo
561 2190 800 2258 Aristotelicum
816 2190 980 2273 adgnosco
1002 2190 1181 2256 doctrinam
1201 2210 1308 2273 neque

148 2289 343 2356 Aristoxeno
364 2292 426 2357 soli
440 2297 604 2374 receptam
619 2291 678 2359 sed
693 2293 790 2360 etiam
806 2290 1031 2375 Theophrasto
1048 2288 1309 2358 Chamaeleontis

148 2391 303 2474 magistro
326 2397 359 2457 et
376 2385 546 2458 ‘creditam
561 2412 582 2459 a
596 2394 758 2476 plerisque
781 2399 812 2459 et
831 2393 1005 2459 memoriae
1026 2383 1191 2459 traditam'
1210 2392 1306 2469 (Geli.

148 2490 204 2574 IV,
219 2493 281 2566 13).
316 2490 402 2569 Quid
420 2492 507 2575 quod
527 2494 592 2559 iam
607 2494 808 2560 Democritus
828 2487 989 2580 ‘plurimis
1004 2493 1170 2560 hominum
1184 2495 1309 2562 morbis

148 2590 344 2658 medicinam
358 2593 458 2660 fuisse
474 2593 671 2661 incentiones
689 2595 840 2661 tibiarum
854 2586 1002 2663 docuit?'
1022 2595 1207 2675 (Gellii).
1241 2597 1307 2662 Ne-

149 2713 212 2775 que
228 2693 327 2777 igitur
341 2713 474 2762 necesse
491 2701 560 2762 erat
574 2694 855 2764 Chamaeleontem
869 2695 1056 2764 Aristoxeni
1071 2699 1190 2764 scrinia
1204 2697 1309 2764 adire.

150 2793 288 2861 Omnino
311 2796 345 2861 in
366 2795 418 2863 his
440 2799 535 2864 rebus
557 2800 785 2865 sententiarum
807 2799 984 2866 similitudo
1012 2798 1093 2865 nihil
1121 2799 1237 2884 probat
1265 2798 1307 2866 de

148 2897 268 2962 artiore
283 2896 367 2963 inter
382 2904 529 2964 auctores
541 2900 742 2980 necessitate,
759 2900 818 2965 sed
832 2902 902 2965 sola
916 2901 1086 2966 uerborum
1098 2903 1309 2984 congruentia

150 2998 328 3062 communis
349 2998 421 3063 fons
442 2996 597 3080 proditur.
635 2996 671 3063 Si
692 3018 770 3064 uero
793 3001 1031 3083 comparaueris
1047 2999 1206 3066 Athenaei
1229 3002 1307 3065 Plu-

148 3094 253 3163 tarchi
269 3097 384 3164 Dionis
400 3096 620 3181 Chrysostomi
635 3099 733 3182 locos,
749 3099 865 3181 quibus
878 3100 989 3165 nititur
1004 3097 1128 3182 Rohde,
1146 3119 1306 3164 summam

150 3198 185 3263 in
206 3199 376 3266 narrandis
399 3199 521 3266 eisdem
542 3201 637 3267 rebus
658 3201 829 3267 uerborum
847 3199 1097 3283 discrepantiam
1118 3219 1307 3282 cognosces.

149 3335 191 3344 -
215 3300 366 3367 Ceterum
381 3300 641 3386 Theophrastum
656 3300 914 3368 Chamaeleontis
935 3301 1056 3366 fontem
1074 3298 1307 3385 deprendimus

148 3421 180 3484 p.
194 3405 293 3467 orca.
639 3456 641 3460 .

236 3500 303 3567 Sed
318 3503 383 3568 iam
399 3505 476 3570 data
491 3523 590 3589 opera
612 3504 653 3569 de
676 3504 727 3572 his
750 3504 909 3588 capitibus
931 3501 1106 3570 uidendum
1126 3508 1183 3587 est,
1206 3510 1305 3588 atque

149 3602 271 3671 Rohdii
295 3604 417 3688 placita
438 3611 589 3671 accurata
612 3606 741 3689 epicrisi
770 3612 843 3673 sunt
869 3613 925 3672 aut
953 3604 1147 3672 stabilienda
1173 3612 1228 3672 aut
1256 3607 1304 3671 in-

150 3706 334 3791 fringenda.

234 3809 326 3876 Libri
347 3808 425 3873 xlv
447 3808 555 3894 capita
570 3811 713 3893 23-25,
737 3810 852 3901 quibus
872 3804 927 3874 ‘de
949 3809 1068 3875 ueteris
1090 3810 1233 3876 musicae
1256 3813 1305 3877 in-

150 3907 225 3974 dole
254 3911 340 3976 uirili
370 3915 402 3976 et
431 3910 474 3976 ad
505 3931 615 3979 omnes
642 3913 775 3979 uirtutes
804 3911 945 3977 animum
975 3901 1160 3994 instigante'
1187 3914 1305 3996 agitur,

149 4008 266 4075 Rohde
303 4011 383 4077 dicit
416 4018 583 4079 centonem
617 4012 865 4082 Aristoxeneum
899 4017 932 4078 et
964 4013 1084 4096 optime
1117 4010 1304 4080 Aristoxeni
