2918 4748
158 337 218 396 122
555 331 668 388 Carolus
686 331 815 410 Alhertus
832 331 910 400 Bapp

157 511 243 576 enim
266 508 395 575 diuersa
423 506 486 572 duo
516 504 665 571 carminis
694 523 829 587 genera,
859 523 993 586 quorum
1020 503 1156 569 alterum
1187 499 1314 582 ἱμαῖον,

156 613 292 677 alterum
311 608 423 691 ἱμαῖος
438 608 591 674 audiebat
578 613 600 672 t.
635 607 685 672 De
700 607 757 672 illo
772 607 863 671 testis
879 612 927 671 est
942 604 1041 672 schol.
1054 605 1109 670 Ar.
1122 607 1201 671 Rau.
1213 606 1314 669 1332:

158 705 838 874 ἱμονιοστρόφουοἱονσχσινισστρύφονμ
815 705 947 793 μ,έλη
932 703 1057 782 οεῖκὸς
1079 700 1184 791 ἄνδρα
1205 697 1314 769 ύόατα

156 805 252 899 ἇρνόι
240 837 339 895 μενον
366 805 475 898 ᾄδειν
512 809 604 891 ἱμσνλ
606 835 626 873 α
658 805 721 892 γὰρ
749 808 900 873 καλεῖται
928 804 965 873 τὸ
996 809 1063 871 τῶν
1093 798 1311 891 ἇννλημάτων

157 920 313 996 σχοὶνιον,
336 914 390 978 καὶ
414 909 451 977 c6
478 896 578 1029 ᾆσμα,
602 904 838 997 ὃριἰὶονσινί
806 934 838 974 οι
862 901 1066 996 ἇντληταί,“
1054 921 1178 990 ιμαῑον.
1217 909 1313 974 Simi-

155 1018 230 1083 liter
246 1015 388 1082 Suides:
405 1013 518 1095 ἱμαῖον
535 997 626 1098 ᾆσμα
641 1009 679 1074 τὸ
698 1009 762 1076 ἐπὶ
770 1036 810 1096 τῃ
797 1002 983 1095 ἀντλήσει
1001 1010 1192 1094 λεγόμενον
1216 1006 1311 1093 παρὰ

154 1113 193 1182 τὸ
225 1117 304 1199 ἱμᾶν
334 1111 378 1200 [οἱ
408 1114 443 1179 δὲ
472 1111 509 1178 τὸ
540 1108 777 1198 μσλωθρικόνλ
827 1112 1040 1193 Καλλίμαχος
1067 1106 1197 1197 Ἑκάλῃ.
1243 1112 1312 1176 Καὶ

155 1215 222 1282 πού
237 1240 289 1292 τις
306 1208 387 1302 ἀνὴρ
403 1210 565 1300 ύιὶανημὸς
589 1213 702 1296 ἱμαῖον
726 1207 809 1300 ᾄδει.
847 1213 938 1279 Idem
960 1234 984 1280 s.
1000 1235 1030 1278 u.
1049 1204 1311 1298 ἱμονιοστρόφου

154 1320 253 1405 μέλη·
284 1318 397 1400 ἱμονία
426 1317 577 1382 καλεῖται
603 1313 641 1380 τὸ
668 1308 885 1402 ἆντληνήριον
906 1317 973 1379 τῶν
997 1312 1165 1401 φρεάτων,
1196 1314 1312 1396 ἱμαῖον

156 1417 251 1484 δὲτὸ
277 1405 384 1506 ᾆσμα·
416 1415 677 1504 ἱμονιοστρόφου
704 1416 740 1481 δὲ
762 1419 822 1481 τοῦ
845 1408 1002 1492 εὖτελέος.
1045 1417 1152 1500 Atque
1175 1416 1312 1482 Suidam

154 1528 189 1588 nt
211 1522 349 1589 eundem
371 1522 491 1586 fontem
513 1522 621 1604 sequi,
653 1540 748 1603 quem
771 1518 994 1602 scholiastam,
1025 1520 1069 1584 ita
1097 1539 1162 1584 non
1188 1519 1311 1584 uidisse

154 1625 260 1707 ipsum
281 1624 439 1690 scholium
462 1623 666 1688 manifestum
688 1628 745 1687 est.

239 1725 295 1790 Alt
283 1732 386 1791 terum
409 1745 537 1791 carmen
552 1730 815 1806 commemorant:
788 1722 956 1789 tSuidas
972 1724 1069 1806 gloss
1086 1722 1310 1820 praecedenti:

155 1829 284 1910 ἱμαῖος
315 1823 492 1909 ἐπιμύλιος
514 1818 601 1910 (6663
631 1826 718 1891 idem
748 1824 959 1909 postquam‘
947 1836 1060 1906 ιμαῖσν
1084 1821 1175 1911 ᾆσμα
1206 1826 1312 1909 expli·

154 1931 255 2012 cauit,
285 1927 433 1994 addit‘
400 1951 431 1992 οι
456 1923 549 1991 δὲ
513 1952 551 1991 το
576 1924 800 2012 μολωθρικόν,
826 1947 926 2011 praue
949 1927 1145 1993 confundens
1169 1927 1310 1994 diuersa.

153 2033 292 2115 Turpius
312 2032 410 2096 etiam
432 2049 500 2095 rem
521 2029 662 2094 turbauit
649 2027 881 2112 tHesychius,
911 2031 966 2112 qui
988 2031 1070 2094 inter
1092 2031 1218 2114 pistorii
1242 2050 1311 2096 car·

152 2134 248 2197 minis
277 2132 509 2216 explicationes
538 2129 672 2196 intrudit
701 2150 813 2195 uocem
844 2126 1062 2206 ἒπάντλαιοςι
1095 2130 1208 2212 ἱμαῖος
1237 2125 1306 2221 666

152 2231 329 2314 ἐπιμύλιος
351 2228 416 2316 [καὶ
434 2228 645 2316 ἓπάντλαιος]
668 2231 724 2295 καὶ
747 2229 939 2307 ἒπίνοστσς·
965 2231 1078 2313 ἱμαλὶς
1093 2227 1112 2318 6
1130 2230 1309 2316 ἐπιμύλιος

152 2327 220 2420 ᾠδὴ
243 2323 265 2420 6
288 2332 459 2421 σταφύλης
481 2329 585 2409 εἶδος·
609 2333 727 2416 ἱμαλία
742 2331 779 2399 τὸ
798 2329 976 2420 ἐπίμοιρον
991 2337 1058 2398 τῶν
1074 2327 1221 2422 ἀλεύρων
1236 2340 1305 2406 κτλ.

151 2473 193 2482 -
216 2438 335 2503 Contra
355 2456 460 2519 neque
475 2435 660 2501 Athenaeus
683 2455 788 2518 neque
810 2436 928 2501 Pollux
950 2439 1154 2519 aquariorum
1177 2460 1307 2508 carmen

150 2540 218 2604 ullo
241 2538 340 2603 uerbo
363 2539 540 2620 attingunt3
570 2557 631 2602 nec
656 2539 760 2620 magis
785 2537 936 2620 Photius,
967 2559 1162 2622 quamquam
1192 2540 1307 2623 ἱμονία

150 2646 184 2706 et
207 2638 286 2721 ἱμᾶν
308 2640 349 2705 ab
373 2640 590 2724 explicantur;
622 2640 677 2721 qui
698 2637 780 2703 nihil
802 2640 937 2723 praebet
957 2643 1020 2706 nisi
1046 2641 1142 2708 haec:
1175 2642 1305 2724 ἱμαῖος·

149 2735 170 2827 6
195 2738 371 2824 ἐπιμύλιος
392 2731 461 2825 ᾠδή
485 2747 517 2807 et
540 2736 724 2823 ἱμαισιιὶός·
752 2734 771 2826 6
796 2737 972 2823 ἐπιμύλιος
995 2735 1078 2826 666·
1103 2743 1222 2825 ἱμαλία
1243 2744 1306 2832 γὰρ

148 2837 169 2928 6
179 2839 306 2928 τροφὴ
311 2843 365 2906 καὶ
381 2839 424 2905 τὰ
440 2839 604 2926 ἐπίμετρα
622 2844 689 2906 τιῦν
705 2834 852 2925 ἀλεύρων
875 2845 986 2921 (uerba
1000 2866 1063 2910 non
1079 2848 1188 2929 utique
1204 2851 1305 2927 sana).

150 2944 379 3029 Photiumt
323 2949 379 3008 aut
380 2963 429 3007 em
454 2941 564 3007 hiet
529 2948 564 3005 ut
585 2943 714 3026 saepius
737 2941 921 3026 Tryphonis
945 2946 1122 3011 doctrinam
1144 2969 1186 3013 ex
1209 2951 1311 3029 Aelio

149 3025 307 3128 Dionysio
337 3044 499 3126 recepisse
523 3041 637 3108 docuit
665 3043 774 3108 Naber
795 3063 826 3126 p.
839 3047 953 3109 78f
908 3046 958 3122 (cf.
983 3067 1065 3127 quae
1088 3041 1187 3112 de’
1153 3056 1305 3136 οοπίνμῳ

149 3165 248 3229 supra
270 3145 431 3218 diximus).
475 3144 622 3210 Iamt
565 3150 622 3229 pat
624 3163 676 3210 ere
698 3150 776 3227 puto
799 3147 936 3211 necessit
924 3145 1084 3229 tudinem,
1115 3168 1197 3229 quae
1219 3151 1304 3218 inter

147 3254 247 3314 testes
270 3246 329 3314 hos
352 3267 462 3313 omnes
484 3246 671 3329 intercedat,
649 3252 765 3312 tesso
786 3245 884 3312 hanc·

237 3347 351 3429 ἱμαῖον
367 3332 458 3434 ᾆσμα
477 3347 637 3433 Didymus
653 3348 896 3431 explicauerat
887 3370 920 3413 in
936 3352 1163 3417 commentario
1178 3353 1302 3423 Ariste-

148 3448 286 3532 phaneo,
310 3449 503 3515 Callimachi
522 3470 650 3515 uersum
665 3449 764 3515 adnot
751 3455 831 3516 tans.
867 3449 980 3531 ἱμαῖος
1002 3453 1148 3534 qualis
1122 3459 1164 3519 sit
1179 3463 1252 3522 oant
1253 3478 1301 3542 us,

146 3551 310 3615 enarrauit
333 3549 467 3633 Trypho
491 3551 578 3616 Arist
565 3550 739 3634 tophanem
766 3552 956 3636 Byzantium
985 3560 1121 3619 secutus.
1166 3556 1300 3641 Didymi

148 3657 257 3717 notam
280 3652 422 3718 seruauit
444 3649 543 3717 schol.
560 3653 650 3734 Ram,
673 3653 857 3737 Tryphonis
879 3655 949 3718 Ael.
965 3654 1148 3739 Dionysius,
1172 3659 1299 3745 Pollux,

148 3751 344 3818 Athenaeus.
387 3753 438 3817 Ex
459 3752 553 3818 Aelio
576 3752 734 3837 Dionysio
760 3774 819 3820 sua
845 3754 1019 3820 hauserunt
1039 3756 1174 3826 Photius
1202 3768 1299 3844 atque

147 3873 191 3916 ex
222 3860 314 3937 parto
342 3852 524 3938 Hesychius
553 3861 586 3920 et
613 3854 747 3938 Suidas3
781 3858 835 3938 qui
868 3857 1003 3921 alteram
1034 3864 1157 3941 partem
1191 3863 1299 3930 lexico

148 3951 311 4036 Didymeo
333 3957 482 4022 uidentur
504 3955 632 4022 debere.

232 4054 301 4119 Iam
324 4057 402 4138 quid
429 4059 667 4143 comparatione
695 4060 779 4127 inter
799 4060 1004 4127 Naucratitas
1032 4061 1176 4129 instituta
1204 4066 1299 4132 doce·
