2918 4748
187 340 230 396 Dc
246 339 368 395 fontibus
386 336 486 408 quihus
497 335 656 394 Athenaeus
674 335 702 393 in
719 336 802 393 rebus
819 349 889 394 mue.
907 335 959 407 lyr.
978 351 1066 396 enarr.
1086 353 1153 397 usus
1170 340 1215 398 sit.
1248 343 1307 403 101

152 513 212 580 bus
227 511 375 578 doctrina
392 512 595 579 coniunctum
617 515 731 576 exstat.
769 508 908 577 Scamon
930 516 1037 577 antem
1061 513 1139 580 satis
1162 519 1308 583 uetustus
1339 531 1343 538 ·

152 615 281 681 uidetur
295 614 395 681 fuisse
409 619 521 679 auctor
533 610 621 690 (uide
636 610 745 678 Muell.
761 611 850 678 ΓΗΘ
866 612 883 676 Ι
900 631 931 695 p.
944 613 1054 680 XXIV
1069 621 1102 681 et
1117 615 1162 681 IV
1177 635 1208 700 p.
1223 618 1307 694 489).

150 715 272 783 Nescio
298 715 395 798 igitur
416 734 458 780 an
479 714 520 780 ab
543 715 615 797 ipso
636 713 831 780 Aristoxeno
859 713 955 780 fuerit
984 713 1159 783 adhibitus.
1204 716 1306 783 (ilem.

149 818 246 884 Alex.
269 815 383 883 Strom.
403 816 433 900 Ι,
447 819 487 880 74
515 836 547 900 p.
563 814 655 881 1328
686 808 880 902 εὑρημάτων
910 817 1082 900 scriptores
1116 838 1307 886 enumerans

150 920 255 1002 primo
278 919 351 984 loco
374 917 565 984 Scamonem
588 917 706 1002 posuit.

235 1020 366 1085 Initium
381 1020 497 1104 capitis
514 1022 554 1084 29
570 1019 757 1086 Aristoxeni
772 1024 822 1086 est
836 1039 938 1103 usque
953 1019 997 1086 ad
1011 1019 1198 1087 Philochori
1220 1041 1307 1087 men·

150 1123 279 1187 tionem.
313 1119 610 1205 Atthidographum
623 1119 797 1188 Athenaeo
808 1120 851 1188 ad
866 1140 997 1187 manum
1018 1121 1119 1188 fuisse
1133 1108 1248 1188 Rohde
1266 1122 1308 1189 de

150 1224 232 1289 Poll.
248 1224 325 1289 font.
345 1244 378 1308 p.
392 1226 432 1287 37
447 1221 622 1306 contendit,
645 1223 721 1306 qnia
736 1243 834 1308 supra
847 1243 883 1314 p.
893 1225 983 1288 628a
1004 1223 1221 1291 testimoninm
1237 1224 1307 1291 eius

150 1324 379 1409 disputationis
402 1344 529 1391 eorsum
551 1324 634 1391 male
663 1325 882 1408 interrumpat.
928 1322 1023 1402 Quod
1051 1344 1112 1407 ego
1140 1345 1204 1392 non
1233 1345 1306 1392 con·
1424 1385 1428 1391 .

149 1427 248 1511 cedo;
278 1445 471 1512 quamquam
493 1425 683 1493 Archilochi
706 1433 738 1492 et
759 1425 948 1511 Epicharmi
970 1445 1082 1493 uersus
1104 1427 1236 1494 aliunde
1259 1428 1306 1492 in·

150 1530 293 1595 culcatos
317 1547 386 1595 esse
408 1533 495 1594 recte
524 1526 761 1594 animaduertit.
804 1527 857 1593 An
878 1527 934 1593 ubi
956 1527 997 1594 de
1020 1529 1144 1596 musica
1171 1529 1205 1594 in
1232 1548 1306 1596 con·

149 1631 248 1697 uiuiis
270 1625 307 1694 τὸ
326 1625 536 1715 σωφρονικὸν
552 1622 648 1714 ἡμῶν
670 1635 820 1695 seruante
843 1648 948 1696 sermo
972 1634 1030 1713 est,
1052 1650 1118 1697 non
1140 1631 1306 1715 aptissime

150 1733 183 1797 in
212 1733 390 1816 priscorum
416 1731 579 1798 hominurn
601 1731 775 1815 symposiis
797 1751 861 1798 non
883 1731 979 1798 modo
1001 1732 1219 1816 Dionysiacos
1248 1731 1307 1800 sed

150 1834 248 1901 ctiam
268 1834 461 1918 Apollineae
484 1834 627 1900 musicae
653 1834 760 1901 locum
781 1832 881 1900 fuisse
904 1834 1193 1900 commemoratur?
1237 1834 1308 1906 Neo

148 1936 254 2018 magis
277 1935 448 2018 habemns,
480 1955 535 2001 cur
556 1934 787 2002 Philochorum
810 1935 926 2020 eapitis
949 1937 990 1999 29
1012 1935 1165 2001 Aristocli
1194 1935 1307 2001 deberi

148 2056 314 2120 negemus.
337 2070 380 2081 —
402 2034 469 2101 Sed
490 2041 612 2102 restant
633 2037 747 2102 ultima
765 2037 880 2122 capitis
895 2037 1010 2103 uerba:
1033 2030 1107 2120 ἡδὲ
1121 2028 1205 2100 καθ’
1219 2031 1308 2121 ἡμᾶς

149 2141 294 2223 πυρρίχη
311 2134 502 2222 decanorum}
518 2160 570 2212 τις
585 2131 672 2202 εἶναι
687 2134 785 2218 δοκεῖ,
809 2134 1038 2224 ἐπιεικεστέρα
1059 2123 1143 2203 οὖσα
1165 2139 1225 2224 τῆς
1247 2130 1319 2224 υἰρ-Δ

147 2243 249 2320 χαίας
273 2237 342 2304 κτλ.
385 2239 435 2306 Ac
463 2259 561 2323 supra
590 2258 667 2306 sane
689 2259 721 2324 p.
735 2243 823 2306 6300
851 2240 933 2306 illud
960 2243 1056 2325 μέχρι
1078 2241 1135 2303 καὶ
1158 2241 1213 2305 νῦν
1235 2240 1307 2306 Ari-

148 2341 278 2408 stoxeni
300 2332 363 2424 est3
391 2340 450 2408 sed
473 2339 535 2407 hoo
556 2332 639 2404 καθ’
664 2334 753 2425 ἡμᾶς
781 2341 926 2408 eiusdem
957 2362 1028 2409 esse
1056 2343 1177 2425 nequit.
1221 2342 1306 2408 Nam

149 2442 336 2509 Aristoxeni
358 2442 505 2509 doctrina
527 2448 600 2509 sunt
621 2444 691 2510 sine
710 2443 819 2528 dnbio,
844 2463 927 2527 quae
949 2466 981 2529 p.
995 2447 1056 2510 630
1065 2444 1124 2529 o,d
1146 2444 1188 2512 de
1210 2445 1307 2512 salta·

147 2545 247 2623 tionis
268 2545 440 2628 generibus
462 2550 645 2628 narrantum
668 2546 737 2612 ubi:
760 2539 864 2627 ὁμοία
879 2541 969 2610 ἐστὶν
984 2538 1004 2630 ἡ
1021 2549 1163 2633 πυρρίχη
1183 2547 1224 2631 τῇ
1245 2567 1307 2610 σα·

149 2647 265 2732 υυρικῇ
286 2637 435 2731 ὀρχήσει·
465 2643 628 2729 πολεμικὴ
654 2644 690 2710 δὲ
713 2644 804 2711 δοκεῖ
825 2642 912 2712 εἶναι
933 2641 952 2730 ἡ
977 2651 1120 2733 πυρρίχη
1142 2647 1211 2711 κτλ.
1255 2648 1306 2712 Ab

145 2748 213 2815 hac
234 2768 311 2814 uero
333 2747 496 2831 pyrricha,
521 2747 625 2828 qualis
648 2747 708 2812 fuit
721 2747 908 2813 Aristoxeni
930 2749 1129 2830 temporibus
1151 2748 1203 2825 (of.
1222 2748 1305 2814 Plat.

149 2851 236 2932 legg.
248 2849 310 2914 VH
331 2869 363 2931 p.
377 2849 574 2930 Slhasqq.)‚
604 2866 734 2930 prorsus
757 2847 886 2914 diuersa
908 2853 957 2914 est
978 2848 1036 2913 illa
1058 2849 1165 2933 capite
1187 2851 1228 2913 29
1252 2869 1306 2914 ex·

149 2958 254 3017 tremo
277 2948 455 3034 descripta;
479 2968 575 3031 quam
590 2946 765 3016 Caesarum
783 2949 998 3015 Romanorum
1021 2951 1121 3016 aetati
1142 2951 1307 3035 propriam

149 3053 250 3118 luisse
266 3051 383 3118 seimus
398 3050 449 3130 (cf.
461 3050 557 3136 Apul.
570 3055 644 3117 met.
656 3050 698 3134 X,
713 3053 762 3134 29,
786 3051 906 3118 Friedl.
918 3050 1133 3135 Sittengesch.
1144 3053 1207 3137 11³,
1220 3056 1305 3131 443t

151 3153 260 3232 Quare
281 3172 387 3236 neque
408 3152 602 3219 Aristoxeno
624 3172 729 3236 neque
751 3152 905 3218 Aristooli
933 3152 1014 3220 haec
1041 3153 1212 3220 tribuenda
1233 3161 1307 3220 sunt

150 3255 210 3324 sed
225 3262 281 3321 aut
295 3256 359 3339 ipsi
374 3253 541 3321 Athenaeo
557 3260 612 3321 aut
634 3288 675 3298 -
698 3254 733 3320 id
748 3254 835 3337 quod
850 3254 961 3319 malim
983 3254 1114 3321 credere
1137 3290 1179 3300 —
1202 3254 1307 3320 eidem

151 3358 274 3424 auctori
298 3376 392 3440 quem
415 3357 558 3440 sequitur
580 3362 688 3423 noster
709 3357 726 3420 I
746 3377 778 3441 p.
791 3355 861 3421 2οᾶ
884 3354 925 3420 de
947 3354 1082 3439 Pyladis
1098 3353 1307 3438 Bathyllique

151 3460 332 3528 saltatione.

238 3560 389 3627 Ceterum
404 3560 590 3627 Aristoxeni
606 3579 646 3645 ne
663 3559 847 3643 ecquidem
863 3565 997 3646 possunt
1012 3578 1093 3642 esse,
1117 3579 1200 3642 qnae
1216 3560 1307 3623 iuxta

151 3663 346 3731 antecedunt
368 3661 443 3730 inde
466 3683 486 3727 a
508 3663 616 3728 uerbis
638 3656 657 3745 ἡ
681 3658 716 3726 δὲ
739 3665 881 3749 πυρρίχη
904 3658 998 3747 παρὰ
1016 3659 1076 3743 μὲν
1095 3672 1167 3734 τοῖς
1190 3652 1305 3733 ἄλλοις

143 3758 303 3851 Ἕλλησιν
326 3755 384 3827 οὐκ
405 3761 455 3829 ’ἑτι
476 3767 681 3850 acceptivam
710 3785 784 3831 narn
807 3764 1021 3831 Athenienses
1049 3763 1172 3829 bellare
1201 3759 1305 3825 desie-

150 3874 226 3935 runt
255 3867 384 3933 demum
413 3867 499 3934 circa
527 3887 645 3933 annum
667 3869 738 3932 263.
789 3865 910 3932 Eadem
939 3866 1059 3948 scripta
1087 3881 1157 3929 esse
1187 3860 1306 3930 debent

152 3977 228 4038 ante
251 3973 379 4052 captam
402 3989 423 4033 a
444 3969 596 4034 Romanis
620 3967 799 4034 Graeciam.
843 3968 934 4034 Haec
964 3967 1085 4048 optime
1114 3965 1307 4053 conueniunt

152 4075 187 4139 in
209 4071 417 4153 Aristoclcm;
448 4070 501 4136 eui
528 4075 628 4136 totum
651 4076 748 4153 eaput
769 4071 898 4153 assigno
922 4067 1066 4150 exeeptis
1089 4065 1136 4132 eis
1159 4087 1241 4149 quse
1264 4066 1305 4132 de
