2918 4748
244 329 306 391 110
331 382 333 387 ,
587 378 592 389 ,
639 324 754 383 carolus
770 325 900 381 slbertur
917 325 996 395 Bopp

239 502 522 568 ‘instrumentorum
545 497 603 565 dat
624 497 882 581 descriptionem.
926 496 1043 563 Statim
1070 502 1145 584 post
1165 496 1334 564 Aristoclis
1356 495 1400 563 de

244 623 365 686 organo
381 600 571 686 hydraulico
586 599 802 666 testimonium
827 598 868 665 de
892 597 1006 665 eadem
1026 619 1060 665 re
1082 597 1232 665 laudatur
1247 595 1399 682 Trypho:

247 700 391 789 Τρύφων
414 700 450 767 δὲ
473 697 507 765 ἐν
528 697 555 784 γ’
573 701 652 785 crept
675 691 866 782 ὀνομασιῶν
888 696 971 778 (ἐστὶ
989 698 1025 765 δὲ
1043 696 1081 765 τὸ
1099 696 1295 786 σύγγραμμα
1318 698 1397 783 περὶ

245 796 354 871 αὐλῶν
368 804 423 868 καλ
439 794 600 888 ὀργάνων)
622 799 814 887 συγγράψαι
829 802 915 888 φησὶ
929 802 1082 887 περὶτῆς
1102 795 1292 886 ὑδραύλεως
1308 804 1399 886 Κτη-

243 911 355 991 σίβιον
375 902 434 971 τὸν
455 901 645 991 μηχανικόν.
685 895 769 987 ’Eyd
795 900 830 968 dd
853 895 911 969 οὐκ
938 898 1031 983 οῖδα,
1061 899 1091 968 εἰ
1120 903 1200 987 περὶ
1226 898 1265 967 τὸ
1289 893 1398 982 ὄνομα

244 1007 442 1095 σφάλλεται.
492 1007 556 1074 Hic
587 1007 692 1075 obiter
724 1012 836 1073 contra
864 1005 1050 1090 Schweigb.
1079 1005 1161 1073 illud
1193 997 1300 1085 ὄνομα
1333 1024 1398 1071 non

244 1109 364 1177 debere
385 1109 497 1175 referri
519 1109 582 1175 nisi
603 1107 647 1174 ad
668 1107 803 1188 Ctesibii
831 1127 948 1174 nomen
975 1106 1111 1191 adnoto;
1138 1125 1256 1190 nempe
1284 1124 1398 1173 sensus

245 1210 298 1277 hio
314 1216 378 1277 est:
402 1203 576 1276 ‘Ctesibius
598 1207 749 1292 hydrauli
770 1210 918 1276 inuentor
939 1209 1114 1276 secundum
1129 1208 1323 1276 Aristoclem
1337 1207 1399 1275 fuit

238 1307 397 1396 αααρεύςς
427 1308 561 1393 Trypho
590 1315 700 1376 contra
726 1309 948 1377 mechanicum
976 1310 1152 1394 quendam,
1181 1311 1236 1392 qui
1265 1309 1308 1376 de
1335 1307 1399 1375 hoc

244 1433 365 1497 organo
394 1412 576 1496 scripserit,
605 1411 720 1478 eodem
747 1414 875 1478 nomine
904 1413 1049 1497 appellat
1076 1413 1185 1479 neseio
1214 1431 1256 1479 an
1285 1399 1397 1476 falso'.

243 1515 342 1601 Apud
356 1515 537 1581 Vitruuium
547 1515 570 1590 ¹)
592 1518 684 1598 pater
707 1520 755 1580 est
777 1519 896 1597 tonsor,
918 1513 1003 1580 filius
1025 1533 1076 1580 res
1098 1513 1320 1598 pneumaticas
1342 1530 1398 1577 ex-

245 1617 414 1700 cogitauit,
445 1617 580 1682 fortasse
602 1614 678 1681 inde
699 1615 869 1684 Aristoclis
892 1620 924 1681 et
945 1615 1130 1699 Tryphonis
1160 1615 1319 1687 dissensio
1342 1631 1398 1678 ex-

243 1719 382 1802 plicatur
405 1723 436 1782 et
458 1717 668 1800 componitur.

329 1819 367 1884 In
381 1818 588 1900 sequentibus
604 1817 789 1901 Tryphonis
803 1837 920 1884 nomen
937 1820 1038 1885 semel
1058 1818 1152 1903 redit,
1175 1839 1206 1903 p.
1222 1822 1281 1883 182
1291 1838 1319 1902 e,
1342 1819 1399 1886 ubi

237 1921 404 1993 sententia
432 1921 501 1986 eius
530 1939 602 1986 cum
631 1919 731 1985 Iubae
760 1919 906 1985 doctrina
935 1921 1104 1986 coniuncta
1131 1926 1188 1988 est.
1239 1920 1306 1987 Sed
1335 1941 1398 1987 non

244 2042 372 2107 semper
392 2021 579 2087 Athenaeus
601 2020 658 2086 ubi
679 2019 855 2104 Tryphone
877 2041 953 2088 usus
977 2028 1040 2105 est,
1066 2042 1183 2089 nomen
1206 2024 1274 2090 eius
1296 2043 1397 2107 appo·

238 2126 348 2191 :suisse
371 2124 570 2190 conuincitur
592 2124 830 2206 comparatione
853 2124 937 2189 inter
958 2144 990 2208 p.
1005 2124 1094 2190 tend
1118 2130 1150 2190 et
1171 2125 1249 2191 XIV
1269 2146 1302 2209 p.
1315 2126 1402 2190 63ss

244 2226 398 2292 instituta.
436 2225 564 2291 Etenim
587 2225 765 2310 posteriore
787 2225 860 2291 looo
882 2225 997 2291 eadem
1019 2227 1120 2292 uerba
1137 2227 1196 2294 sub
1212 2225 1398 2312 Tryphonis

243 2328 374 2394 nomine
388 2326 532 2393 redeunt.
569 2326 669 2392 Multo
693 2345 771 2393 sane
792 2326 991 2410 frequentius
1013 2328 1047 2393 in
1070 2327 1120 2394 his
1143 2329 1302 2413 capitibus
1316 2330 1399 2395 Iuba

245 2429 279 2493 in
305 2434 414 2512 partes
442 2434 590 2511 uocatum
620 2448 716 2511 quem
745 2427 787 2493 de
815 2429 1032 2496 instrumentis
1059 2431 1189 2496 musicis
1218 2426 1252 2494 ἐν
1274 2431 1322 2514 τῷ
1343 2453 1399 2494 ιε-

243 2521 355 2613 τάρτῳ
381 2530 562 2613 θεατρικῆς
592 2528 742 2614 ἱστορίας
769 2531 876 2612 egisse
904 2531 1057 2597 discimus
1086 2551 1158 2616 ep.
1173 2532 1273 2598 175d.
1316 2532 1397 2598 Inde

239 2630 360 2698 'Robde
382 2650 475 2715 capp.
493 2631 627 2695 75-78.
648 2634 698 2696 79.
722 2633 772 2696 80.
795 2633 832 2696 81
857 2637 925 2697 tota
953 2632 1064 2699 deberi
1092 2634 1147 2698 uni
1173 2633 1274 2700 Iubae
1302 2634 1398 2701 nimis

244 2733 441 2800 confidenter
470 2725 612 2815 (‘quouis
641 2723 840 2817 pignore')²)
874 2733 1012 2801 affirmat
1045 2735 1254 2818 eiusdemque
1287 2736 1399 2819 copias

244 2835 409 2901 Pollucem
429 2833 551 2901 adiisse
574 2835 747 2918 contendit,
771 2842 881 2919 utpote
905 2838 960 2918 qui
982 2838 1015 2901 in
1037 2857 1097 2902 sua
1118 2838 1399 2904 instrumentorum

244 2936 437 3014 musicorum
459 2934 645 3016 recensione
667 2937 789 3017 passim
811 2955 883 3001 cum
898 2935 1067 3003 Athenaeo
1091 2940 1278 3020 consentiat,
1300 2940 1398 3004 inter-

244 3034 322 3099 dum
343 3035 386 3100 ad
409 3035 543 3100 uerbum
565 3039 728 3116 congruat.
772 3035 864 3102 Alios
889 3042 1036 3103 auctores
1064 3043 1192 3121 praeter
1212 3039 1327 3103 Iubam
1355 3040 1399 3105 ab

244 3133 413 3201 Athenaeo
429 3133 482 3201 hio
497 3133 662 3200 adhibitos
678 3154 749 3202 esse
763 3135 879 3202 Robde
895 3142 1002 3220 negat.
1039 3137 1069 3202 A
1083 3137 1164 3202 Iuba
1184 3137 1283 3220 igitur
1305 3144 1400 3220 putat

243 3237 411 3321 appositos
433 3237 532 3303 fuisse
547 3236 740 3304 Aristoclem
755 3236 965 3320 Tryphonem
979 3237 1217 3303 Artemidorum
1232 3237 1399 3306 Ameriam

243 3337 427 3403 Neanthem
449 3338 694 3421 Protagoridem
716 3337 955 3421 Euphorionem
977 3339 1203 3405 Aristoxenum
1226 3346 1286 3406 et.

329 3439 424 3520 Esto,
453 3439 668 3506 concedamus
690 3440 731 3505 de
754 3440 914 3511 omnibus:
943 3441 985 3508 de
1007 3460 1070 3507 uno
1092 3447 1199 3506 tamen
1221 3441 1397 3526 Tryphone

243 3559 307 3605 non
330 3538 489 3621 concedo;
512 3540 650 3622 primum
672 3547 804 3626 propter
826 3548 985 3626 tempora:
1008 3541 1086 3625 quid
1110 3543 1198 3626 quod
1219 3543 1396 3628 Didymum

243 3642 344 3707 Iubae
359 3639 494 3707 historia
508 3639 659 3705 theatrali
673 3661 764 3708 usum
780 3662 851 3710 esse
866 3645 982 3710 Robde
1000 3646 1072 3729 ipse
1086 3644 1225 3711 affirmat
1245 3666 1277 3729 p.
1292 3648 1342 3709 35.
1356 3649 1397 3710 50

244 3743 298 3821 (cf.
313 3739 455 3826 Hesycb.
472 3760 497 3807 s.
509 3761 539 3806 u.
554 3739 722 3826 βλίτυριΥλ
760 3743 939 3829 Didymum
960 3751 1067 3812 autem
1089 3751 1164 3812 ante
1187 3746 1398 3830 Tryphonem

315 3896 339 3956 1)
356 3891 409 3946 Ed.
422 3891 496 3946 Rosa
507 3907 534 3960 p.
547 3893 604 3956 160,
616 3893 630 3944 3
643 3916 677 3937 =
688 3890 798 3958 v11,14.
819 3895 877 3958 237,
888 3899 902 3947 5
915 3921 949 3940 =
960 3893 1008 3960 IX,
1019 3897 1043 3961 8,
1053 3898 1077 3948 2.
1097 3894 1133 3950 cf.
1145 3910 1173 3963 p.
1184 3899 1250 3960 oms
1264 3920 1297 3939 =
1309 3896 1398 3962 I‚1,'l.

235 3978 349 4040 ,259,18
366 4001 400 4022 ==
416 3975 452 4040 X,
464 3979 504 4042 12,
516 3981 539 4031 1.
563 3979 612 4033 260
625 4000 658 4020 =
670 3975 707 4043 X,
718 3979 759 4043 12,
768 3981 793 4032 4.
819 3977 889 4033 Plin.
898 3977 960 4047 Vll,
971 3983 1012 4034 37.

314 4063 340 4125 2)
357 4059 399 4113 De
416 4059 485 4121 Poll.
501 4060 570 4115 font.
587 4076 615 4129 p.
626 4062 668 4118 34.
