2918 4748
231 322 296 381 124
627 324 741 380 Carolus
757 322 887 380 Albertus
904 323 983 394 Bapp

232 499 344 561 contra
371 495 404 560 in
423 484 607 580 Ἐρωτικῶν
635 495 719 562 libro
748 494 890 563 carmina
915 496 1072 562 amatoria
1094 495 1171 563 data
1193 516 1293 583 opera
1324 500 1390 566 col-

231 596 317 662 lecta
345 595 531 664 exhibuisse
559 602 807 665 consentaneum
835 602 893 664 est.
941 595 1127 666 Athenaeus
1156 603 1282 683 autem,
1314 619 1389 666 cum

231 695 381 764 Clearchi
409 699 508 765 libros
537 697 681 766 studiose
711 718 784 765 eum
811 698 953 765 uoluisse
984 699 1187 766 manifestum
1216 701 1274 785 sit,
1305 699 1391 770 haec

231 817 359 881 quoque
380 801 512 886 propria
533 820 629 866 manu
651 799 851 884 decerpsisse
879 798 959 866 mihi
981 800 1125 884 uidetur;
1154 820 1260 884 neque
1288 803 1389 886 igitur

232 900 347 966 mirum
371 899 458 984 quod
479 901 596 968 desunt
616 901 706 985 apud
726 900 902 967 Pollucem.

315 1001 481 1070 Pollucem
502 1004 689 1088 priusquam
711 1003 844 1070 missum
870 1001 1043 1086 faciamus,
1074 1003 1214 1070 breuiter
1237 1023 1320 1086 quae
1344 1004 1388 1073 de

231 1121 271 1169 eo
285 1104 439 1186 probasse
457 1105 550 1172 nobis
570 1104 748 1189 uideamur,
772 1102 1045 1188 comprehendere
1067 1104 1156 1171 libet.
1189 1104 1388 1192 Westphalii

231 1206 437 1289 sententiam,
467 1207 522 1290 qai
547 1198 770 1289 ‘quaecunque
793 1204 834 1272 de
856 1211 925 1272 arte
948 1207 1231 1290 instrumentisque
1252 1208 1389 1276 musteis

230 1307 346 1375 doceat
360 1308 425 1390 ille,
442 1326 484 1373 ex
495 1305 670 1392 Tryphone
686 1306 801 1374 hausta
817 1325 888 1373 esse
904 1297 1033 1390 edixit',
1057 1307 1258 1376 defendImus
1273 1314 1391 1377 contra

228 1408 392 1477 Rohdium
415 1407 469 1487 (de
490 1408 572 1474 Poll.
592 1407 669 1474 font.
693 1428 724 1492 p.
738 1410 790 1487 66)
815 1409 1054 1492 comparatione
1077 1407 1237 1477 Athenaei
1260 1410 1387 1495 eadem,

229 1531 294 1595 qua
315 1510 368 1578 bic
389 1511 516 1592 nititur,
543 1516 577 1575 nt
599 1510 712 1576 Iubam
734 1530 755 1576 a
777 1511 910 1577 Polluce
931 1508 1128 1595 descriptum
1151 1531 1222 1579 esse
1244 1513 1386 1598 scincet,

228 1613 409 1680 accuratius
425 1612 611 1696 etamplius
633 1612 785 1679 instituta.
824 1610 914 1690 Quae
928 1617 1035 1677 autem
1052 1610 1172 1678 Rohdii
1193 1621 1388 1697 argumenta

227 1715 356 1781 silentio
371 1714 532 1798 praeterii,
556 1732 595 1779 ea
609 1714 801 1779 refutatione
817 1733 881 1779 non
901 1714 966 1779 iam
988 1733 1083 1796 egere
1106 1713 1278 1782 arbitratus
1301 1736 1384 1783 sum.

89 1806 93 1816 '
227 1815 401 1882 Praeterea
422 1814 588 1880 Pollucem
615 1815 724 1881 multis
753 1816 786 1880 in
814 1816 910 1881 rebus
939 1814 1079 1883 uidimus
1107 1815 1250 1900 pendere
1279 1837 1300 1883 a
1324 1818 1385 1883 Di-

229 1915 337 2000 dymo.
381 1917 475 1982 Errat
496 1916 594 1999 igitur
615 1914 731 1982 Rohde
750 1909 930 1982 ‘Pollucem
951 1918 1006 1982 uel
1027 1921 1152 1983 tantum
1174 1936 1215 1983 ex
1236 1917 1384 2003 Didymo

226 2017 374 2085 hausisse
402 2037 524 2101 negans
551 2024 647 2100 atque
676 2007 872 2102 pernegans’
898 2020 942 2103 (p.
960 2018 990 2095 8)
1021 2024 1054 2086 et
1079 2011 1225 2087 ‘eosdem
1252 2021 1319 2088 fere
1341 2041 1385 2089 ac

225 2119 404 2203 Didymum
426 2125 573 2186 auctores
595 2125 738 2186 secutum
762 2138 833 2186 esse
856 2109 1037 2186 Pollucem’
1063 2121 1268 2188 contendens.
1308 2122 1384 2190 Hoc

225 2221 330 2288 solum
353 2221 509 2288 concedo:
538 2240 643 2303 neque
672 2240 714 2287 ex
736 2241 799 2287 uno
821 2240 926 2304 neque
949 2240 990 2286 ex
1012 2222 1083 2305 ipso
1107 2221 1248 2307 Didymo
1272 2224 1382 2290 Pollu·

225 2341 296 2390 cem
328 2343 387 2390 sua
415 2322 592 2405 delibasse3
626 2323 685 2390 sed
717 2324 841 2406 recepit
870 2320 1035 2406 Didymea
1067 2342 1125 2406 per
1153 2322 1382 2410 Tryphonem3

225 2444 322 2508 quem
345 2424 479 2507 Didymi
508 2425 746 2490 commentariis
769 2444 861 2490 usum
884 2443 955 2491 esse
984 2424 1095 2489 malim
1119 2423 1250 2490 credere
1280 2445 1382 2508 quam

223 2525 331 2591 lexico
354 2523 525 2608 Didymco.

310 2625 420 2690 Pauca
441 2622 584 2690 notanda
606 2630 679 2690 sunt
701 2624 743 2691 de
764 2624 929 2708 Hesychio
952 2629 1062 2690 contra
1085 2645 1133 2709 ea,
1157 2644 1240 2709 quac
1263 2624 1391 2695 Rohde.

224 2727 402 2811 disputarit
422 2747 454 2812 p.
472 2730 589 2811 blsqq.
634 2725 698 2804 Qui
723 2733 758 2794 ut
779 2725 981 2793 Athenaeum
1004 2726 1232 2810 Pollucemque
1256 2747 1314 2794 sua
1337 2747 1379 2794 ex

225 2829 339 2896 eodem
362 2835 530 2911 utrumque
556 2828 639 2894 libro
661 2831 931 2913 transscripsisse,
961 2829 1083 2896 eIuba
1110 2830 1275 2914 nimirum,
1304 2850 1378 2915 pro-

221 2930 324 3012 haret,
348 2935 381 2995 et
395 2930 561 2994 Pollucem
580 2933 612 2994 et
626 2929 829 2995 Athenaeum
851 2933 884 2994 in
907 2930 1001 2996 rebus
1024 2932 1154 2998 musicis
1178 2931 1378 2999 orchesticis·

223 3049 286 3114 que
302 3029 523 3096 describendis
539 3029 649 3095 erebro
665 3031 844 3096 consentire
867 3051 938 3097 cum
954 3031 1119 3114 Hesycbio
1142 3032 1377 3117 demonstrans,

223 3150 296 3198 cum
318 3131 418 3196 Iubae
445 3131 622 3198 doctrinam
642 3131 784 3216 Didymo
814 3131 932 3198 debere
954 3130 1153 3215 Hesychium
1183 3133 1378 3200 dubitationi

223 3238 409 3318 exemptum
432 3239 532 3317 esset,
562 3254 678 3301 causae
703 3234 889 3318 propositae
911 3233 1096 3299 satisfacere
1119 3234 1182 3299 sibi
1203 3234 1292 3300 uisus
1316 3241 1375 3302 est.

223 3334 343 3401 Contra
363 3354 422 3401 nos
446 3355 634 3402 consensum
656 3336 751 3401 istum
774 3334 821 3400 sic
835 3335 1026 3400 arbitramur
1041 3334 1270 3418 explicandum
1287 3355 1375 3405 esse:

220 3434 367 3500 Eandem
393 3436 492 3502 Iubae
522 3437 700 3503 doctrinam
730 3437 854 3502 Polluci
882 3441 914 3502 et
935 3434 1105 3503 Athenaeo
1134 3456 1176 3503 ex
1198 3437 1374 3522 Tryphone

219 3539 265 3614 (et
286 3535 456 3618 Didymo),
487 3537 651 3619 Hesychio
681 3558 723 3604 ex
752 3538 894 3622 Didymo
922 3536 1096 3605 affluxisse.
1141 3537 1231 3604 Nihil
1260 3540 1374 3609 Rohde

219 3638 336 3723 attulit,
360 3635 447 3720 quod
469 3643 580 3703 contra
601 3637 708 3704 faciat.
745 3639 848 3706 Immo
872 3639 957 3722 quod
979 3641 1091 3705 nititur
1113 3659 1140 3706 e.
1156 3661 1187 3724 g.
1208 3640 1373 3726 Hesychio

219 3760 287 3806 s..u
303 3735 530 3824 τετράκωμος·
552 3738 653 3821 μέλος
671 3762 706 3805 τι
727 3735 786 3805 σὺν
801 3732 935 3826 ὀρχήσει
957 3743 1187 3826 πεποιημένον
1210 3739 1257 3819 εἰς
1270 3738 1374 3829 Ἡρα-

219 3841 299 3905 κλέα
315 3838 494 3908 ἐπινίκιον
518 3836 667 3906 ἐκαλεῖτο
683 3839 719 3907 δὲ
733 3845 893 3928 τέσσαρες
906 3865 1013 3925 κωμοι
1036 3843 1108 3910 coll.
1124 3844 1265 3913 Pollucis
1280 3849 1299 3923 ξ
1312 3850 1373 3912 105

218 3936 292 4007 ὅδὲ
307 3941 525 4059 τετράκωμος,
547 3940 586 4009 τὸ
603 3945 661 4029 τῆς
676 3935 842 4031 ὀρχήσεως
857 3935 1013 4024 εἶδος,’
977 3967 1036 4009 οοκ
1058 3939 1190 4011 οῖὸα’
1157 3968 1187 4011 ει
1208 3969 1242 4012 τι
1263 3967 1373 4032 προσ-

217 4043 297 4129 ῆκον
319 4027 359 4128 ἦν
380 4057 452 4121 τοῖς
466 4037 630 4133 Ἀθηνησι
652 4043 886 4132 τετρακώμοις,
910 4047 944 4112 οι
964 4030 1049 4133 ἦσαν
1064 4051 1237 4132 Πειραιεῖς
1258 4050 1374 4136 Φαλη-
