2918 4748
149 325 215 384 106
248 358 252 363 ·
546 280 659 377 Carolus
677 319 807 375 hibertus
825 321 903 390 Bapp

135 498 213 581 ‚eis,
243 515 377 579 quorum
399 494 530 560 nomina
551 491 762 575 antecedunt,
788 493 877 559 nullo
899 499 995 577 pacto
1019 498 1223 579 opponuntur
1246 493 1306 560 sed

149 598 311 665 adduntur
332 614 437 679 neque
460 596 587 662 omnino
610 615 715 661 sermo
737 594 774 660 fit
795 596 857 660 nisi
880 594 921 661 de
945 592 1139 661 carminibus
1161 594 1308 663 melodia

148 720 213 766 non
237 700 407 765 instructis.

235 800 301 867 Sed
331 800 425 885 plura
452 799 549 865 etiam
579 817 708 864 cernere
736 796 817 862 mihi
845 797 960 864 uideor
992 799 1131 882 uestigia
1163 800 1307 867 auctoris

148 903 333 985 cuiusdam,
369 902 424 985 qui
452 902 535 966 inter
562 899 790 966 Aristoxenum
819 905 852 964 et
880 899 1083 966 Athenaeum
1116 901 1307 969 intercedat.

150 1005 264 1090 Capite
281 1008 317 1068 31
335 1003 551 1070 Aristoxenea
566 1002 721 1068 contineri
738 1001 956 1084 cognouimus.
990 1003 1076 1069 Huic
1093 1023 1170 1087 ergo
1193 1004 1307 1070 tribui·

149 1126 220 1173 mus
241 1106 332 1171 iilam
354 1104 395 1169 de
410 1104 601 1187 Asopodoro
621 1102 901 1169 narratiunculam.
934 1103 978 1167 At
995 1105 1066 1186 quis
1089 1111 1146 1189 est,
1170 1107 1226 1188 qui
1248 1105 1307 1173 ad·

148 1208 234 1274 didit
255 1206 341 1273 istud
363 1199 440 1270 olda
463 1202 500 1267 dt
521 1227 614 1279 τινας
636 1194 736 1269 τοῦθ’
757 1195 997 1289 ἱστορήσαντας
1020 1199 1065 1281 ὦς
1082 1197 1306 1290 Ἀντιγενίδου

150 1307 332 1384 rinharos?
369 1296 616 1373 ‘Oonfidentius'
642 1307 755 1393 opinor
776 1307 960 1389 loqueretur
981 1309 1192 1376 Aristoxenus
1214 1311 1307 1378 Anti·

147 1412 289 1497 genidas
303 1409 449 1493 aequalis
465 1407 713 1491 admiratorque.
749 1410 819 1474 Iam
837 1410 981 1493 pergitur
1000 1410 1061 1476 sic:
1085 1410 1152 1474 Kal
1169 1410 1201 1475 οἱ
1217 1403 1302 1475 καθ’

148 1509 238 1600 ἡμᾶς
261 1510 297 1578 δὲ
318 1511 412 1585 τέλος
434 1510 612 1574 ποιοῦνται
633 1511 693 1594 τῆς
714 1512 827 1595 τέχνης
847 1505 907 1594 τὴν
929 1507 1023 1594 παρὰ
1046 1522 1117 1587 τοῖς
1144 1511 1308 1599 θεάτροις

149 1609 337 1703 εὐημερίαν.
368 1609 501 1696 Διόπερ
515 1602 743 1697 Ἀριστόξενος
766 1646 806 1656 -
829 1614 914 1696 φησί
935 1612 1002 1676 κτλ.
1043 1614 1148 1696 Loqui
1169 1622 1309 1699 apparet

150 1717 313 1783 hominem
334 1713 527 1781 Aristoxeno
549 1713 770 1796 recentiorem,
794 1713 915 1799 quippe
938 1714 994 1797 qui
1016 1715 1102 1781 illius
1124 1718 1224 1783 aetati
1248 1739 1307 1804 op·

149 1825 250 1904 ponat
264 1817 351 1884 istud
365 1806 448 1879 καθ’
466 1809 564 1899 ἡμᾶς.
598 1815 667 1879 Iam
685 1820 759 1898 post
772 1813 958 1880 Aristoxeni
981 1817 1127 1899 eclogam
1149 1818 1306 1903 legimus:

149 1921 254 1984 ταῦτα
275 1917 336 2000 μὲν
359 1910 376 1983 ὁ
400 1908 644 2002 Ἀριστόξενος·
672 1906 773 1996 κᾶμοὶ
796 1913 832 1978 δὲ
856 1911 912 1979 διὰ
934 1917 1032 1980 τοῦτο
1055 1918 1306 2006 φιλοσοφητέον

149 2025 308 2109 φαίνεται
330 2013 417 2084 εἶναι
439 2017 518 2102 περὶ
539 2017 714 2101 μουσικῆς·
737 2013 878 2100 καὶγὰρ
900 2015 1109 2104 Πυθαγόρας
1131 2015 1149 2086 ὁ
1173 2019 1304 2104 Σάμιος

149 2119 347 2209 τηλικαύτην
363 2116 463 2195 δόξαν
479 2116 561 2200 ’έχων
584 2116 642 2183 ἐντὶ
665 2117 855 2205 φιλοσοφία
875 2120 943 2183 κτλ.
981 2121 1073 2187 Hanc
1095 2121 1305 2192 honorificam

149 2223 357 2309 Pythagorae
378 2222 573 2288 mentionem
596 2240 638 2287 ex
654 2221 848 2288 Aristoxeno
870 2223 1005 2306 petitam
1028 2232 1098 2290 esse
1121 2226 1218 2292 statui
1240 2248 1305 2294 non

149 2327 237 2410 licet,
261 2344 454 2408 quamquam
470 2323 747 2406 Pythagoreorum
770 2324 826 2388 ille
848 2328 917 2390 erat
938 2323 1116 2408 discipulus
1131 2332 1304 2410 antequam

79 2472 81 2479 -
149 2427 242 2493 fieret
262 2426 501 2510 peripateticus.
539 2425 613 2490 Non
635 2444 712 2490 sane
733 2425 829 2491 nimis
852 2426 993 2492 obstaret
1015 2427 1095 2492 illud
1117 2429 1222 2493 ταῦτα
1243 2429 1304 2512 μὲν

149 2519 260 2612 disp.
284 2517 397 2607 Κᾶμοὶ
421 2524 473 2609 de',
503 2546 578 2590 nam
609 2526 692 2591 solet
713 2524 899 2593 Athenaeus
927 2528 1045 2595 talibus
1075 2529 1304 2600 additamentis

149 2629 286 2695 fontium
308 2627 447 2711 uestigia
470 2633 502 2692 et
523 2633 648 2694 suturas
671 2626 883 2694 dissimulare.
918 2627 984 2695 Sed
1006 2631 1123 2697 scimus
1137 2631 1304 2700 Aristoxe-

149 2750 226 2796 num
256 2731 361 2816 ipsam
383 2728 473 2794 illam
496 2727 703 2812 Pythagorae
725 2729 919 2814 doctrinam,
949 2750 1032 2814 quae
1062 2731 1115 2798 hic
1143 2733 1302 2818 laudatur,

149 2832 305 2899 acerrime
320 2833 526 2915 impugnasse
541 2851 601 2897 nec
616 2833 758 2897 musicae
778 2834 919 2898 rationes
942 2832 975 2897 in
997 2834 1180 2900 uniuersum
1202 2841 1303 2902 trans·

149 2934 226 2999 ferri
254 2953 385 3014 passum
415 2950 485 2997 esse
515 2931 602 3005 (uide
625 2932 738 2997 Rossb.
762 2939 794 2996 et
814 2932 958 3017 Westph.
981 2937 998 2998 I
1019 2956 1050 3019 p.
1064 2938 1126 3010 68).
1177 2938 1245 3002 Iam
1275 2939 1304 3005 si

150 3033 250 3098 alium
278 3032 337 3097 tibi
366 3036 529 3100 auctorem
558 3030 665 3097 dicam
688 3036 720 3096 et
741 3031 926 3098 Aristoxeni
950 3041 981 3098 et
1002 3033 1207 3116 Pythagorae
1236 3040 1303 3103 cul·

149 3141 268 3217 torem,
301 3132 384 3199 huno
405 3131 565 3198 Athenaei
587 3132 641 3199 hic
663 3151 734 3198 esse
756 3132 877 3199 fontem
898 3153 1003 3199 nonne
1029 3135 1196 3218 probabile
1218 3136 1302 3202 iudi·

150 3236 265 3304 cabis?
308 3236 465 3303 Nouimus
487 3242 595 3301 autem
616 3236 713 3301 talem
734 3234 783 3299 rei
805 3235 948 3301 musicae
970 3237 1174 3320 scriptorem,
1204 3257 1302 3320 quem

149 3339 234 3404 inira
247 3338 441 3405 monstrabo.
475 3338 624 3404 Ceterum
640 3336 778 3402 Cliniam
793 3334 1033 3419 Pythagoreum
1054 3343 1213 3404 memento
1236 3359 1302 3406 me·

150 3445 308 3503 moratum
331 3458 401 3505 esse
423 3460 455 3522 p.
468 3439 559 3502 623f.
605 3436 685 3502 Cum
707 3438 815 3504 uerbis
842 3436 916 3504 inde
939 3459 959 3504 a
980 3436 1178 3525 τηλικαύτην
1202 3438 1302 3518 δόξαν

149 3537 232 3620 ἔχων
254 3559 355 3622 usquc
378 3539 420 3605 ad
441 3541 601 3624 μουσικῆς
624 3539 663 3605 oi.
682 3540 847 3606 simillima
868 3542 984 3607 62'lcd
1007 3541 1048 3607 de
1062 3540 1237 3628 Aeschylo,
1260 3545 1327 3619 si·‚

149 3643 241 3708 milia
254 3641 364 3726 paullo
379 3646 454 3707 ante
469 3641 510 3706 de
525 3643 646 3707 Alcaeo
658 3647 694 3707 et
708 3642 904 3709 Archilocho
922 3644 1019 3709 dicta.
1056 3643 1095 3709 Id
1109 3644 1189 3710 mihi
1204 3647 1302 3712 etiam

150 3765 192 3811 ex
221 3743 384 3828 aequabili
414 3743 568 3810 orationis
597 3763 716 3827 genere
745 3749 867 3810 certum
896 3750 959 3811 est:
990 3764 1088 3811 unum
1114 3766 1194 3830 opus
1222 3748 1302 3834 ιτερλ

150 3847 309 3931 μουσικῆς
324 3846 378 3912 uel
393 3844 540 3912 similiter
554 3845 742 3929 inscriptum
757 3847 815 3911 toti
830 3845 905 3912 huic
926 3845 1136 3929 disputationi
1159 3851 1301 3936 subesse,

150 3965 233 4026 quae
256 3948 339 4014 inest
361 3948 394 4012 in
417 3947 576 4031 capitibus
600 3949 735 4011 18-26.
759 3947 895 4012 31-33.
931 3947 1046 4031 Neque
1067 3968 1139 4015 cum
1162 3949 1301 4035 Rohdio‚

150 4046 207 4128 qui
223 4049 350 4113 omnino
365 4050 438 4132 plus
454 4069 548 4133 quam
562 4069 622 4134 par
637 4053 686 4115 ert
706 4049 769 4132 ipsi
783 4046 951 4116 Athenaeo
974 4051 1085 4115 tribuit
1106 4051 1139 4115 in
1162 4052 1301 4134 legendo
