2918 4748
160 348 219 406 156
245 386 254 399 ·
538 408 539 412 ρ
556 345 669 400 Carolus
685 344 814 432 Albertus
832 345 910 413 Bapp

157 511 174 583 o‘
200 507 358 602 αὐλητής,
388 506 434 591 ὥς
464 536 567 601 φησιν
593 506 656 599 Ἄρ.
684 512 717 578 ἐν
740 512 769 601 η’
794 513 976 579 πολιτικῶν
1007 515 1088 593 (fort.
1112 536 1150 578 τι.
1175 505 1310 600 αὐλητι-

156 619 222 683 κῶν
230 619 257 697 P)
280 615 400 700 νόμων,
423 613 482 701 τὴν
497 617 680 682 Πολιτείαν
699 605 979 703 ἐπιγραφομένην.
1016 612 1200 700 Φιλόχορος
1216 613 1252 679 δὲ
1268 653 1310 662 -

157 714 283 801 ὁμοίως
306 716 342 783 δὲ
364 717 491 803 ἱστορεῖ
516 719 573 781 καὶ
593 713 859 801 Ἀπολλόδωρος.
904 717 1021 783 Omnia
1043 717 1111 783 siue
1139 716 1237 784 dubio
1268 735 1310 782 ex

157 820 347 906 Apollodori
369 842 406 884 ιτ.
425 811 628 903 Ἐπιχάρμου
651 820 733 886 libro
748 821 778 897 ¹).

242 923 293 986 Ex
322 921 478 988 Panaetio
508 920 635 988 Rohdio
664 922 747 986 inter
774 916 852 994 τοὺς
879 921 1118 1005 περιτιθέντας
1140 914 1313 1002 Σωκράτει

158 1020 215 1089 δύο
239 1026 383 1107 γαμέτας
404 1033 560 1106 γυναῖκας
584 1027 851 1088 commemoratur
865 1020 920 1085 Ar.
943 1019 1168 1097 (Callisthenes
1191 1020 1310 1086 Deme·

158 1127 236 1193 trius
263 1126 354 1190 Phal.
380 1124 513 1208 Satyros
539 1123 740 1202 Aristoteles)
769 1144 801 1207 p.
815 1124 919 1205 asoa,
947 1122 987 1187 cf.
1004 1122 1094 1187 556b
1127 1125 1180 1200 (=
1202 1123 1311 1204 capt

157 1224 314 1304 sublim).
351 1224 477 1291 Ibidem
492 1224 679 1292 Athenaeus
701 1225 817 1290 fatetur
839 1223 1028 1307 Hieronymi
1050 1223 1171 1290 Rhodii
1193 1223 1311 1288 librum

155 1347 190 1393 se
211 1348 276 1393 non
297 1327 425 1392 habere.

196 1463 237 1529 ΙΙ.
267 1463 373 1529 Iuba.

242 1582 292 1645 Ex
313 1580 478 1664 θεατρικῇ
493 1578 626 1665 ἱστορίᾳ
648 1581 718 1647 sine
733 1579 831 1645 dubio
847 1580 948 1671 petita
963 1586 1044 1661 sunt,
1067 1598 1151 1662 quae
1173 1601 1204 1664 p.
1219 1584 1311 1648 66οο

155 1684 254 1748 Iubae
276 1682 405 1748 nomine
427 1688 460 1748 et
481 1702 513 1765 p.
526 1684 616 1747 essa
638 1702 710 1747 cum
726 1681 952 1764 Aristophanis
974 1681 1123 1764 Byzantii
1145 1683 1310 1749 mentione

155 1790 338 1850 narrantur:
362 1784 401 1848 cf.
417 1784 498 1850 Poll.
515 1784 570 1867 IV,
586 1788 644 1848 150
669 1790 700 1850 et
718 1783 859 1867 Hesych.
876 1804 900 1849 s.
915 1804 943 1849 u.
960 1785 1109 1848 Μαίσων
1124 1789 1157 1849 et
1175 1781 1309 1869 Τέττιξ;

155 1885 259 1951 Rohd.
283 1905 313 1969 p.
331 1888 381 1949 57.
423 1884 489 1951 Sed
510 1885 696 1951 Athenaeus
720 1884 826 1950 omnia
848 1883 923 1950 inde
945 1905 966 1949 a
986 1904 1018 1967 p.
1032 1886 1117 1949 osef
1141 1904 1243 1969 usque
1265 1885 1311 1951 ad

154 2008 185 2071 p.
203 1985 295 2051 663d
325 2005 366 2052 ex
390 2006 487 2070 opere
517 1987 652 2052 culinari
682 1986 822 2069 quodam
852 1985 906 2051 uel
937 1985 977 2050 de
1008 1986 1119 2069 coquis
1149 2007 1310 2054 commcn-

153 2090 273 2154 tatione
295 2086 447 2153 hauserit.

240 2188 317 2254 VIII
339 2209 371 2272 p.
386 2191 470 2254 343f
488 2189 588 2256 Iubae
605 2191 805 2272 epigramma
820 2188 983 2271 quoddam
1002 2188 1134 2255 affertur
1157 2209 1198 2256 ex
1212 2191 1310 2257 Ama·

154 2291 237 2356 ranti
260 2313 296 2353 ιι.
321 2291 440 2376 σκηνῆς
462 2291 554 2357 libro.
596 2292 788 2357 Amarantus
811 2295 980 2374 practerea
1001 2290 1042 2373 X,
1060 2291 1144 2355 414f
1162 2294 1309 2376 occurrit,

153 2393 210 2457 ubi
231 2391 346 2457 Rohde
369 2413 410 2458 ex
433 2392 547 2459 eodem
570 2393 650 2458 Iuba
678 2413 749 2459 cum
778 2391 920 2476 pendere
949 2391 1123 2458 contendit.
1168 2393 1308 2459 Easdem

155 2492 195 2558 de
216 2493 383 2559 Herodoro
408 2500 439 2559 et
453 2493 592 2577 Aglaide
614 2494 760 2576 fabellas,
785 2513 979 2577 quamquam
1001 2492 1088 2559 haud
1111 2494 1226 2560 leuiter
1249 2495 1308 2558 im-

154 2600 302 2676 mutatas,
325 2594 424 2661 habet
439 2596 520 2661 Poll.
536 2596 590 2678 IV,
604 2598 643 2659 89
652 2615 710 2679 sq,
734 2615 829 2679 quem
849 2601 881 2661 ct
896 2596 1002 2678 ipsum
1017 2596 1098 2660 Iuba
1120 2614 1211 2661 usum
1236 2615 1309 2662 esse

155 2694 269 2762 Rohde
295 2702 448 2762 autumat.
493 2697 536 2762 At
557 2698 584 2764 si
607 2717 757 2779 reuera,
787 2702 822 2762 ut
844 2696 899 2762 ille
922 2697 983 2779 ait,
1010 2690 1173 2779 ‘tanquam
1196 2688 1305 2763 fanus'

157 2804 302 2863 crescunt
316 2798 440 2863 numeri
455 2799 488 2862 in
505 2797 663 2864 eiusmodi
677 2799 932 2880 narratiunculis,
955 2798 1073 2864 Pollux
1094 2799 1308 2864 recentiorem

155 2899 298 2980 sequitur
321 2905 482 2964 auctorem
506 2919 602 2980 quam
623 2899 825 2982 Athenaeus3
854 2919 928 2964 nam
956 2899 1011 2964 ille
1034 2900 1100 2982 bis,
1130 2898 1183 2966 hic
1206 2901 1309 2966 semel

155 2997 254 3064 habet
268 3001 420 3064 maiorem
436 3019 611 3065 nnmerum.
650 2999 717 3065 Sed
736 2999 810 3065 huic
828 3001 875 3065 rei
892 2998 1042 3082 equidem
1064 2999 1145 3065 nihil
1168 3001 1309 3068 tribuam

154 3101 315 3165 momenti.
349 3098 509 3166 Athenaei
524 3107 630 3167 autem
647 3108 742 3185 caput
757 3121 829 3168 cum
844 3100 1111 3184 praecedentibus
1134 3104 1242 3181 (4-7)
1265 3122 1308 3169 ex

155 3200 319 3267 Theodori
334 3200 569 3285 Hieropolitani
585 3225 622 3266 π.
639 3193 774 3285 ἀγώνων
795 3204 877 3268 libro
900 3223 932 3285 p.
945 3205 1034 3267 412e
1049 3209 1081 3268 et
1097 3204 1186 3269 413b
1210 3205 1308 3271 citato

155 3302 304 3369 haustum
320 3302 457 3387 uidetur,
481 3304 514 3369 id
531 3304 617 3387 quod
639 3325 702 3370 non
725 3304 820 3370 modo
844 3324 885 3370 ex
908 3305 1104 3386 argumentis
1126 3304 1185 3369 sed
1209 3305 1308 3370 etiam

154 3424 196 3468 ex
218 3403 387 3487 Posidippi
410 3406 442 3468 in
465 3405 515 3471 his
539 3405 697 3488 capitibus
724 3407 836 3471 crebra
864 3405 1026 3471 mentione
1054 3404 1228 3488 concludo,
1259 3412 1308 3472 nt-

153 3509 230 3586 pote
254 3522 348 3585 quem
371 3512 540 3587 praeterea
562 3511 610 3571 ter
632 3498 754 3571 tanturn
769 3505 955 3572 Athenaeus
977 3505 1087 3572 laudet
1108 3525 1212 3586 neque
1235 3507 1307 3588 ipse

153 3606 339 3688 inspexerit.
373 3606 440 3670 Iam
457 3608 485 3672 si
499 3606 669 3689 Posidippi
685 3608 784 3673 uerba
798 3629 830 3690 p.
845 3608 935 3671 oreb
951 3605 1122 3671 Theodoro
1138 3605 1305 3690 debentur,

153 3706 181 3771 is
204 3707 327 3788 primus
352 3708 515 3773 coniunxit
537 3708 626 3772 illam
650 3708 690 3774 de
713 3707 852 3791 Aglaide
874 3706 1026 3771 fabellam
1050 3725 1121 3770 cum
1144 3726 1198 3789 ea,
1223 3727 1307 3788 quae

156 3813 204 3872 est
219 3806 260 3872 de
276 3807 453 3874 Herodoro.
489 3808 625 3875 Accedit
641 3810 726 3891 quod
742 3809 859 3873 Pollux
882 3825 921 3871 ca
944 3824 1071 3888 qnoque
1094 3807 1199 3890 refert,
1223 3826 1308 3890 quae

180 4071 197 4124 ll
228 3989 479 4128 &Apollodorum
491 3990 571 4045 ctiam
584 3994 647 4060 περὶ
657 3986 802 4055 Ἀλκμᾶνος
820 3987 962 4057 scripsisse
981 3987 1091 4057 colligas
1109 4003 1142 4043 cx
1159 3988 1201 4041 III
1219 4005 1246 4058 p.
1258 3988 1310 4043 81f

147 4086 209 4126 cc.
294 4077 392 4138 ,etta
