2918 4748
200 321 242 376 De
259 320 382 376 fontibus
400 320 497 390 quibus
514 321 671 378 Athenaeus
688 323 716 377 in
733 321 815 377 rebus
835 339 903 378 mus.
922 325 972 394 lyr.
990 339 1078 380 enarr.
1097 341 1163 381 usus
1182 327 1225 382 sit.
1255 329 1317 387 119

152 495 294 578 profuse
319 494 424 576 egisse
446 497 580 560 testatur
601 495 802 578 primumque
826 496 1020 579 explicasse,
1052 497 1129 579 quid
1158 499 1244 565 istud
1275 501 1318 566 sit

152 591 198 660 τὸ
224 590 394 678 Περσικὸν
417 586 578 674 ὅκλασμα.
616 595 683 660 Nos
707 597 762 677 qui
783 596 896 661 Iubam
918 617 938 662 a
962 597 1116 681 Didymo,
1141 598 1316 683 Didymum

161 717 182 762 a
204 693 381 780 Tryphone
402 701 589 779 usurpatum
613 715 683 761 esse
705 716 893 779 persuasum
914 697 1085 783 habemus,
1116 723 1180 767 non
1201 702 1316 769 Iubam

160 799 269 881 ipsum
293 797 350 862 sed
374 798 428 879 qui
450 799 574 880 recepit
594 798 740 869 (fortasse
755 818 814 883 per
828 799 1015 883 Didymum)
1039 802 1216 868 doctrinam
1235 804 1313 886 eius,

163 896 373 982 Tryphonem
389 919 410 963 a
424 898 556 964 Polluce
572 904 757 983 excerptum
776 919 847 965 esse
870 902 1046 968 statuimus.
1085 904 1135 967 An
1158 903 1313 970 credibile

153 1006 211 1066 est
231 1000 397 1066 Pollucem
424 1019 465 1064 ex
490 1000 606 1083 μακρρῖ
629 997 731 1083 λόγῳ,
762 1020 857 1083 quem
879 1001 960 1066 Iuba
988 1001 1029 1066 de
1053 987 1120 1068 'hac
1143 1006 1313 1074 saltatione

160 1101 357 1183 instituerat,
381 1099 462 1165 nihil
483 1101 547 1166 nisi
568 1102 629 1166 tria
650 1102 750 1167 uerba
771 1108 974 1184 recepturum
995 1103 1109 1187 fuisse,
1133 1107 1161 1170 si
1184 1107 1254 1188 ipse
1277 1127 1313 1174 re

153 1222 237 1268 uera
258 1202 437 1268 Mauretani
460 1200 626 1268 thesauros
649 1203 808 1269 adiisset?
851 1203 922 1270 Hoc
950 1225 1014 1270 non
1041 1206 1221 1288 explicatur
1248 1209 1312 1274 nisi

157 1307 359 1389 excerptoris
382 1312 552 1389 excerptor
573 1306 641 1369 fuit.

244 1406 393 1472 (laterum
408 1427 472 1472 non
486 1426 584 1473 unum
599 1413 762 1472 auctorem
781 1409 872 1489 sequi
887 1407 1054 1473 Pollucem
1075 1408 1118 1472 in·
1132 1410 1311 1475 saltationi·

157 1509 218 1574 bus
240 1507 463 1574 describendis
485 1509 563 1574 satis
585 1509 791 1591 perspicuum
813 1513 871 1573 est.

242 1711 309 1777 Sed
337 1712 467 1777 tandem
490 1730 547 1776 nos
570 1715 792 1777 concertamus
820 1709 864 1776 ad
893 1711 1000 1792 capita
1029 1710 1188 1794 quaedam
1210 1711 1310 1778 Athe·

153 1816 240 1897 naei,
265 1834 347 1896 quae
363 1835 435 1880 cum
449 1821 581 1897 propter
595 1819 816 1896 argumentum
831 1833 873 1877 ex
887 1813 987 1878 Iubae
1003 1812 1153 1879 theatrali
1176 1814 1312 1882 historia

154 1917 259 1998 petita
275 1935 347 1980 esse
362 1921 532 1997 nequeant,
555 1921 586 1980 et
600 1915 785 1997 Tryphonis
801 1914 928 1979 nomine
944 1915 1071 1995 signata
1085 1921 1159 1979 sunt
1181 1921 1214 1979 et
1235 1935 1308 1980 cum

154 2017 290 2082 Polluce
321 2020 507 2097 comparata
534 2024 731 2080 communem
759 2016 1018 2081 Naucratitarum
1046 2015 1167 2081 fontem
1196 2024 1310 2104 aperte

153 2117 315 2201 produnt:
340 2117 447 2198 capita
466 2114 539 2180 dico
561 2120 727 2176 lrbrrx1v
748 2123 894 2178 decimum
916 2125 948 2177 et
969 2123 1167 2199 undecimum,
1191 2118 1308 2200 quibus

155 2218 300 2282 carmina
327 2216 496 2299 popularia
521 2222 735 2282 recensentur.
780 2217 894 2282 Statim
921 2224 995 2301 post
1023 2209 1192 2302 αὐλήσεων
1222 2226 1308 2286 cata·

152 2318 267 2399 logum
290 2337 332 2383 ex
352 2316 526 2400 Tryphone
548 2317 753 2400 desumptum
775 2318 918 2384 eiusdem
940 2310 1028 2402 ᾠδῆς
1051 2310 1235 2399 ὀνομασίας
1256 2341 1308 2386 so·

154 2417 264 2501 phista
279 2418 431 2483 adnectit.
468 2417 723 2501 Distinguendae
745 2425 853 2485 antem
875 2426 946 2485 sunt
968 2424 1117 2502 quattuor
1139 2420 1309 2487 dumtaxat

156 2520 272 2603 capitis
289 2518 407 2585 decimi
422 2520 609 2602 particulae,
632 2539 715 2602 quae
737 2522 981 2602 repetitionibus
1003 2528 1059 2586 ant
1081 2521 1307 2605 discrepantiis

155 2621 316 2687 diuersam
337 2640 416 2704 prae
438 2641 474 2686 se
495 2622 601 2686 ferunt
623 2623 793 2704 originem:

239 2723 265 2786 I.
296 2721 496 2805 Tryphonis:
533 2720 646 2801 ἱμαῖος
673 2718 693 2803 ἣ
724 2717 910 2799 ἐπιμύλιος,
953 2717 1212 2802 ἱστουργούντων
1234 2715 1305 2807 ᾠδὴ

154 2820 260 2898 ἕλινος
283 2822 530 2906 (Epicharmus).
563 2811 822 2903 ταλασιουργῶνΙ
835 2815 957 2893 >ιὀυλος.

158 2959 162 2965 ·
195 2995 200 3001 ,
236 2925 277 3004 Π,
309 2924 516 3005 SemiDelii:¹
539 2917 617 2996 τοὺς
637 2911 759 3002 ῧμνους
773 2915 851 2994 τοὺς
867 2917 914 2994 εἷς
929 2915 987 3003 τὴν
1003 2917 1166 3007 Δήμητρα
1188 2915 1306 3000 οὔλους

152 3025 291 3089 καλοῦσι
305 3027 361 3089 καὶ
378 3022 523 3099 ἰούλους·
547 3017 643 3087 ἄλλοι
659 3021 695 3086 δέ
710 3043 815 3108 φασιν
830 3019 1008 3105 ἐριουργῶν
1023 3017 1110 3087 εἶναι
1129 3020 1189 3109 τὴν
1204 3016 1304 3111 ᾠδήν.

236 3127 321 3192 IIIa.
354 3124 389 3188 αἱ
413 3124 448 3188 δὲ
470 3127 537 3188 τῶν
558 3126 786 3188 τιτθευουσῶν
808 3124 876 3187 κτλ.
898 3122 1144 3206 (Epicharmus).

290 3229 335 3292 bs
350 3220 370 3309 ἡ
388 3218 418 3289 δ’
439 3223 497 3290 ἐστὶ
512 3238 584 3300 τοῖς
597 3222 762 3300 θανάτοις
784 3258 826 3269 -
848 3215 1055 3307 ὀλοφυρμός·
1080 3224 1115 3288 αἱ
1139 3218 1174 3288 δὲ
1193 3225 1304 3291 ἰὀυλοι

152 3329 222 3394 καλ.
251 3321 336 3412 ᾠδαὶ
359 3326 514 3415 Δήμητρι
539 3328 596 3391 καὶ
620 3323 817 3411 Φερσεφόνῃ
847 3325 1051 3406 πρέπουσιν·
1082 3317 1237 3408 οὔπιγγοι
1266 3324 1303 3390 δὲ

150 3430 186 3496 αἱ
209 3428 258 3506 εἱς
280 3423 443 3516 Ἄρτεμιν.

235 3533 291 3599 IV.
322 3530 545 3617 Aristophanis
566 3529 661 3612 Bym:
686 3527 798 3610 ἱμαῖος
819 3527 1019 3611 μυλωθρῶν.
1042 3564 1083 3574 -
1106 3524 1140 3593 ἒν
1164 3526 1200 3592 δὲ
1222 3533 1303 3593 στέν-

149 3635 250 3700 θεσιν
266 3631 419 3716 ἰάλεμος·
443 3633 532 3707 λίνος
548 3630 655 3694 δὲκαὶ
671 3627 798 3706 αἴλινος
813 3621 851 3694 οὗ
866 3627 969 3713 μόνον
991 3627 1025 3694 ἒν
1047 3632 1211 3695 πένθεσιν
1233 3631 1302 3694 κτλ.

236 3736 305 3802 Iam
321 3737 492 3819 quaeritur,
511 3730 695 3816 Tryphonis
712 3733 877 3815 catalogus
892 3738 997 3797 utrum
1011 3752 1075 3796 non
1089 3732 1151 3796 nisi
1166 3750 1184 3794 e
1200 3729 1302 3797 tribus

147 3837 214 3905 illis
233 3839 417 3904 nominibus
440 3835 566 3917 (ἱμαῖος
580 3830 688 3908 ἕλινος
702 3831 825 3911 ἰ’σνλσς)
848 3837 971 3899 constet
985 3854 1027 3898 an
1040 3834 1144 3915 plura,
1166 3831 1302 3900 fortasse

150 3946 251 4008 totum
265 3946 363 4023 caput
378 3938 616 4020 complectatur.
654 3933 740 3999 Illud
762 3934 815 3999 uel
838 3953 896 4016 per
917 3953 953 4000 se
974 3953 1038 3998 non
1053 3931 1222 4014 probabile
1237 3939 1301 4017 est;

148 4040 210 4110 hoc
234 4047 267 4108 et
289 4060 330 4107 ex
353 4037 601 4106 enumerationis
623 4037 746 4102 ratione
769 4054 869 4118 usque
898 4035 941 4101 ad
969 4032 1066 4096 finem
1095 4033 1209 4116 eapitis
1237 4034 1304 4100 sibi
