2918 4748
190 299 233 354 De
250 299 371 355 lontibus
390 299 489 370 quibus
508 301 665 357 Athenaeus
682 301 711 357 in
727 303 809 360 rebus
827 319 896 362 mns.
914 307 964 376 lyr.
983 322 1071 363 enarr.
1090 325 1156 367 usus
1174 312 1218 367 sit.
1247 313 1307 372 135

154 467 329 556 ἐπινήδιον
344 473 393 556 τῷ
407 469 465 537 τὸν
480 474 607 559 θρῆνον
623 467 769 560 ᾄδεσθαι
793 468 885 564 παρ’,
896 469 976 563 αὐτῇ
999 481 1038 564 τῇ
1062 483 1219 569 συμφορᾷ
1239 481 1306 566 πρδ

153 573 213 659 τῆς
233 573 344 659 ταφῆς
364 572 421 637 καὶ
444 570 528 655 μετὰ
550 571 610 659 τὴν
631 572 743 662 ταφὴν
757 578 811 642 καὶ
831 575 914 643 κατὰ
929 576 987 644 τὸν
1002 577 1170 646 ἐνιαύσιον
1188 582 1308 667 χρόνον

154 676 214 759 τῆς
241 672 391 760 κηδείας,
423 666 586 761 ᾀδόμενον
614 671 681 742 tat
704 678 770 743 τῶν
791 679 1047 762 θεραπαινίδων
1069 684 1125 748 καὶ
1153 686 1220 749 τῶν
1249 682 1309 751 σὺν

155 768 287 852 αὐτοῖς·
310 772 348 840 τὸ
366 768 397 839 δ’
417 773 590 864 ἒπικήδιον
606 776 745 845 ἐ’παινόν
766 804 841 846 τινα
863 783 923 848 τοῦ
944 781 1201 869 τελευτήσαντος
1222 785 1307 868 μετά

154 900 243 953 τινος
264 882 400 963 μετρίου
423 879 654 962 σχετλιασμοῦ.
1160 965 1164 971 ⁴

238 980 390 1046 Aristooli
419 981 590 1047 tribuenda
612 1003 682 1050 esse
705 984 812 1049 omnia
834 984 911 1051 inde
933 987 974 1051 ab
998 988 1066 1054 eius
1089 989 1217 1055 nomine
1240 1009 1306 1055 cer-

153 1088 221 1148 tum
237 1087 294 1165 est,
317 1102 393 1146 nam
415 1083 462 1148 sic
484 1084 588 1148 solnm
610 1083 692 1150 illud
713 1078 903 1171 τοῦμπαλιν
926 1087 1033 1171 habet,
1057 1108 1120 1172 quo
1143 1090 1305 1174 probetur.

153 1183 325 1250 Praeterea
340 1183 524 1267 Tryphonis
546 1186 662 1251 uerba:
685 1187 812 1270 θρῆνος
833 1185 869 1251 δὲ
890 1184 927 1253 τὸ
949 1185 982 1253 ἒν
998 1180 1069 1273 ᾠδῇ
1092 1195 1124 1254 et
1137 1190 1306 1258 Aristoclis

154 1281 326 1370 ὲπινιήδιον
349 1282 489 1350 ἔπαινόν
512 1308 588 1352 τινα
615 1286 699 1370 κτλ,
729 1294 764 1353 ut
791 1288 876 1356 iusta
897 1289 954 1354 fiat
976 1291 1152 1374 oppositio,
1181 1293 1306 1359 intelle·

151 1387 259 1470 genda
273 1407 344 1454 esse
359 1393 495 1472 apparet
510 1387 551 1453 de
568 1389 709 1454 carmine
726 1409 791 1454 non
810 1391 873 1475 ipsi
895 1391 1015 1457 funeris
1037 1392 1205 1475 luctusque
1228 1399 1305 1458 tem-

151 1491 223 1574 pori
244 1489 397 1556 adstrieto
421 1482 479 1556 sed
502 1491 646 1573 quolibet
667 1497 812 1575 tempore
834 1492 868 1556 in
890 1491 1044 1558 honorem
1074 1495 1192 1559 mortui
1221 1515 1305 1560 eom·

151 1592 267 1675 posito.

236 1693 403 1759 Aristoclis
431 1694 532 1759 uerba
556 1693 633 1759 inde
655 1694 697 1759 ab
720 1694 884 1760 enuntiato
912 1695 1039 1780 θρῆνος
1069 1688 1186 1781 ᾄδεται
1214 1689 1301 1782 παρ’

152 1785 234 1879 αὐτῇ
255 1795 294 1878 τῇ
316 1795 473 1880 συμφορᾷ
500 1795 543 1860 ad
565 1796 692 1880 apicem
715 1797 923 1878 congruentia
948 1797 1097 1879 leguntur
1119 1799 1202 1864 inter
1223 1800 1305 1865 alias

150 1897 265 1962 similis
281 1897 460 1977 argumenti
480 1904 573 1961 notas
588 1896 676 1979 apud
691 1895 836 1962 Eustath.
852 1897 895 1962 ad
912 1895 972 1962 Od.
995 1916 1026 1979 p.
1041 1900 1133 1980 1673,
1146 1901 1197 1963 48.
1231 1899 1306 1964 Non

149 1999 240 2064 nouit
256 2016 332 2079 ergo
348 1997 410 2060 nisi
433 2015 544 2060 eornm
565 1995 752 2081 doctrinam,
777 1999 832 2080 qui
854 2000 962 2064 uerbis
986 1996 1019 2062 οἱ
1042 1995 1079 2062 δέ
1102 1999 1304 2065 introducun-

148 2105 202 2163 tur
220 2099 262 2162 ab
277 2096 447 2161 Aristocle.
480 2096 665 2179 Tryphonis
682 2105 767 2163 certe
783 2101 973 2165 sententiam
995 2101 1091 2185 plane
1114 2101 1306 2166 contrariam

151 2200 180 2263 si
208 2198 367 2280 uouisset,
396 2197 495 2262 uerbo
526 2197 640 2263 saltem
669 2200 836 2280 attigisset.
881 2201 1016 2265 Videtur
1046 2201 1231 2267 Eustathius
1263 2221 1305 2267 ex

97 2286 100 2290 ’
150 2299 307 2364 Herennii
327 2297 472 2364 Philonis
496 2301 658 2381 excerptis
682 2300 879 2382 plenioribus
902 2321 997 2383 quam
1020 2321 1103 2383 quae
1126 2322 1183 2367 nos
1206 2300 1304 2367 habe-

151 2420 222 2466 mus
245 2398 402 2481 hausisse,
425 2399 482 2464 ubi
501 2400 637 2466 fortasse
657 2400 790 2467 deerant
805 2401 988 2485 Tryphonis
1009 2403 1108 2468 uerba
1131 2403 1304 2480 (etvaloh.

150 2501 251 2587 praef.
268 2502 311 2566 ad
327 2501 429 2565 Amm.
453 2520 484 2584 p.
501 2501 623 2578 XXIV)
638 2505 655 2566 ¹.

157 2644 160 2648 Δ
238 2602 318 2668 Oum
333 2602 507 2686 Tryphone
523 2603 556 2667 in
571 2604 755 2669 uniuersum
771 2606 930 2670 consentit
944 2605 1075 2670 Proelus
1090 2604 1178 2687 apud
1194 2605 1303 2670 Phot:

152 2701 307 2790 διαφέρει
330 2701 366 2766 δὲ
388 2704 449 2766 τοῦ
472 2699 664 2788 ἐπικηδείου
687 2697 704 2765 ὁ
728 2704 869 2785 θρῆνος,
895 2693 948 2764 ὅτι
971 2699 1008 2764 τὸ
1032 2701 1091 2782 μὲν
1114 2701 1304 2786 ἐπικήδειον

152 2796 236 2889 παρ’
256 2796 335 2868 αὐτὸ
359 2799 397 2868 τὸ
420 2802 520 2888 κῆδος
542 2799 593 2866 δτι
613 2803 672 2864 τοῦ
695 2799 850 2882 σώματος
872 2803 1091 2884 προκειμένου
1115 2803 1260 2885 λέγεται,
1284 2797 1303 2868 δ

153 2904 189 2971 δὲ
203 2907 329 2991 θρῆνος
345 2896 382 2969 οὗ
398 2901 644 2990 περιγράφεται
658 2899 777 2986 χρόνῳ.
811 2902 934 2969 Eadem
950 2909 1057 2969 autem
1071 2905 1171 2970 uerba
1193 2905 1303 2988 legun·

151 3014 203 3074 tur
216 3014 290 3092 post
304 3008 411 3074 uarias
426 3008 516 3072 uocis
531 3006 657 3091 θρῆνυς
668 3005 884 3089 etymologias
898 3005 1088 3082 (Herodiani
1097 3005 1126 3084 i)
1142 3007 1175 3074 in
1187 3007 1237 3072 Et.
1249 3007 1303 3090 M„

151 3111 213 3176 nisi
229 3108 320 3192 quod
331 3104 682 3194 ἰυίπιριγροφόμενος
702 3113 867 3185 exaratum
884 3113 944 3184 est.
976 3107 1184 3176 Communem
1206 3110 1304 3191 igitur

152 3211 274 3278 fontem
296 3216 445 3292 secuntur
460 3210 593 3275 Proelus
616 3215 648 3274 et
669 3215 780 3274 auctor·
798 3208 846 3271 Et.
863 3207 904 3271 Μ.
939 3206 1042 3284 Quem
1055 3209 1183 3274 'fontem
1204 3209 1303 3273 luisse

151 3311 359 3397 Tryphonem
381 3331 446 3376 non
468 3310 632 3377 credibile.
666 3310 749 3374 Vide
773 3309 869 3390 igitur
892 3327 967 3371 num
990 3309 1031 3372 sit
1053 3307 1227 3391 Didymus;
1251 3309 1303 3391 cui

151 3414 316 3495 Proelum,
348 3432 431 3494 quae
453 3412 494 3478 de
516 3413 638 3494 lyricae
660 3410 785 3494 poesis,
815 3408 986 3492 generibus
1009 3407 1119 3492 docet,
1147 3409 1303 3494 pleraque

151 3515 273 3583 debere
294 3519 491 3597 compertum
514 3519 572 3578 est.
790 3573 792 3575 ,

155 3659 158 3663 -
238 3615 397 3680 Conuenit
418 3634 490 3680 cum
512 3612 627 3678 Proclo
650 3611 691 3677 de
714 3612 861 3696 epicedio
888 3612 985 3678 etiam
1008 3611 1120 3678 Seruio
1141 3611 1185 3676 ad
1207 3611 1301 3691 Verg.

151 3717 220 3782 Ecl.
233 3717 272 3800 V,
286 3721 325 3779 14
353 3713 533 3793 (modulans
556 3712 708 3789 alternat:
740 3713 920 3796 „significat
947 3720 1145 3780 cantaturum
1168 3730 1203 3776 se
1232 3729 1303 3776 esse

159 3870 362 3880 ---.—-—-

241 3954 265 4016 1)
282 3949 361 4002 Eunt.
375 3947 410 4002 sd
422 3948 453 4002 Il.
467 3951 496 3998 A
513 3963 540 4017 p.
552 3950 601 4000 796
620 3945 670 4000 suh
683 3945 811 3999 Herennii
830 3945 936 4000 nomine
948 3945 1038 4006 refert,
1057 3954 1127 4009 quse
1138 3942 1226 3998 Amm.
1241 3959 1263 3998 s.
1274 3961 1301 3998 u.

153 4035 229 4088 ali-oe
246 4033 366 4102 praehet.
