2918 4748
243 344 303 404 116
639 334 753 392 Carolus
770 333 900 390 Albertus
918 334 995 403 Bapp
1120 308 1125 317 ’

241 513 445 584 statuendam
461 517 534 597 post
549 509 764 597 λυροφοίνικα
781 528 874 576 nemo
889 527 953 573 non
967 504 1047 571 mihi
1070 504 1240 587 concedet;
1263 501 1398 572 diuersa

241 618 328 682 enim
351 620 424 682 sunt
445 615 662 680 instrumenta.
698 611 867 677 Nescimus
889 609 987 692 igitur
1009 613 1114 673 utrum
1128 607 1210 672 Iuba
1231 607 1328 672 etiam
1353 605 1396 672 de

243 718 398 784 sambuca
419 716 509 782 testis
531 715 574 781 sit
594 731 706 780 necne.
751 712 818 777 Sed
840 710 965 777 etiamsi
988 709 1050 775 hoc
1070 728 1183 774 uerum
1205 709 1255 791 sit,
1278 707 1397 774 Rohde

241 819 361 884 abusus
391 823 440 883 est
462 814 598 896 Suidae,
628 815 683 897 qui
712 834 735 880 s.
752 834 782 879 u.
798 804 929 895 Ἴβυκος
957 813 1114 878 consentit
1143 831 1214 877 cum
1235 809 1396 894 Neanthe,

244 919 439 1002 testimonio,
462 923 496 983 ut
510 915 692 983 Neanthem
707 936 727 982 a
741 913 822 980 Iuba
836 912 1016 981 adhibitum
1032 933 1103 980 esse
1118 913 1278 998 probaret.
1309 912 1399 979 Nam

244 1020 422 1104 Dionysius
449 1017 744 1084 Halicamassensis
773 1015 930 1100 Hesychii
959 1016 1078 1082 Milesii
1110 1020 1222 1082 auctor
1251 1034 1323 1080 cum
1355 1013 1399 1081 de

244 1122 344 1204 lbyco
359 1126 456 1205 poeta
470 1120 573 1202 lyrico
589 1120 762 1203 scripturus
778 1124 874 1202 esset,
897 1119 966 1184 sinc
989 1116 1087 1183 dubio
1109 1137 1173 1183 non
1187 1116 1288 1183 Iubae
1305 1115 1399 1183 thea-

243 1223 359 1288 tralem
388 1221 555 1288 historiam
585 1222 707 1297 euoluit
735 1221 794 1287 sed
822 1240 931 1286 eorum
960 1219 1077 1303 libros,
1110 1220 1166 1302 qui
1193 1240 1231 1283 π.
1255 1218 1399 1304 λυρικῶν

243 1324 395 1409 ποιητῶν
417 1328 558 1407 egerunt.
595 1322 687 1388 Idem
708 1324 796 1388 ualet
817 1323 858 1387 de
873 1321 975 1387 Suida
997 1340 1021 1386 s.
1034 1341 1064 1386 u.
1081 1317 1250 1405 Μαρσύας
1272 1326 1305 1386 et
1319 1319 1398 1386 Ath.

243 1424 406 1508 lV,184a.
422 1459 463 1469 -
485 1423 620 1490 Accedit
635 1424 722 1507 quod
737 1423 854 1490 Suidas
870 1422 912 1489 de
926 1423 1045 1506 trigoni
1066 1423 1232 1488 incentore
1247 1421 1400 1489 dissentit

244 1547 265 1591 a
291 1526 386 1610 Iuba;
416 1526 470 1593 hic
499 1528 585 1592 enim
613 1526 700 1610 apud
723 1526 797 1592 Ath.
818 1527 872 1609 IV,
888 1525 978 1590 trad
1007 1525 1121 1608 Syros,
1149 1525 1206 1591 ille
1235 1523 1398 1607 Sibyllam

246 1628 296 1702 (ci.
321 1627 511 1694 Scamonem
533 1626 620 1709 apud
641 1625 718 1691 Ath.
734 1627 820 1709 XIV,
837 1629 899 1690 637
907 1628 941 1703 b)
962 1627 1114 1692 nominat.

332 1727 447 1813 Capita
463 1730 558 1810 83sq.
582 1728 730 1794 diuersae
745 1728 814 1793 sine
830 1727 927 1793 dubio
943 1748 963 1793 a
978 1729 1136 1811 prioribus
1159 1728 1291 1810 originis
1312 1735 1397 1792 sunt.

244 1828 350 1912 Atque
369 1830 549 1913 quicunque
571 1829 687 1913 legerit
707 1829 782 1894 libri
797 1829 875 1895 XIV
890 1831 997 1913 capita
1012 1831 1144 1913 musica,
1168 1829 1306 1895 eundem
1325 1830 1398 1895 fon-

243 1935 309 1997 tem
332 1951 470 2015 -opus
489 1930 651 2013 quoddam
666 1931 821 1997 musicum
837 1932 980 2015 amplum
996 1930 1189 2014 doctumque
1211 1966 1253 1976 -
1275 1931 1397 1998 utrobi·

244 2051 307 2114 que
330 2032 461 2098 subesse
484 2032 615 2115 sentiet,
644 2051 718 2097 nam
741 2032 921 2098 simillimus
944 2039 993 2099 est
1014 2034 1205 2099 narrationis
1227 2036 1328 2118 color,
1353 2035 1396 2101 ab

243 2133 433 2199 onomastici
456 2131 565 2199 indole
587 2134 684 2217 longe
706 2132 890 2217 abhorrens,
914 2139 947 2199 et
969 2133 1075 2200 eidem
1097 2141 1243 2202 auctores
1265 2136 1397 2220 peripa-

243 2232 341 2298 tetici.
377 2232 512 2300 Accedit
531 2235 703 2317 uestigium
719 2234 805 2317 quod
821 2235 980 2318 detegitur
1002 2256 1034 2319 p.
1049 2237 1134 2300 18ss
1152 2239 1270 2304 collato
1292 2238 1396 2306 schol.

243 2333 336 2398 Pind.
353 2334 447 2418 Pyth.
463 2335 579 2419 11,127
602 2372 644 2382 -
666 2329 684 2400 ὁ
702 2333 738 2400 δὲ
756 2327 956 2420 Ἐπίχαρμος
976 2333 1037 2421 τὴν
1050 2328 1200 2425 Ἀθηνᾶν
1216 2361 1300 2426 φησι
1322 2353 1397 2418 τοῖς

243 2432 465 2518 Διοσκούροις
478 2432 537 2500 τὸν
553 2432 710 2502 ἐνόπλιον
726 2434 827 2518 νόμον
843 2434 1039 2521 ἐπαυλῆσαι,
1064 2437 1100 2515 ἐξ
1121 2436 1245 2506 ἐκείνου
1266 2439 1301 2506 di
1315 2440 1397 2520 τοὺς

244 2531 413 2610 Λάκωνας
434 2526 508 2617 μετ’
529 2527 630 2600 adhoc}
651 2549 723 2612 τοῖς
745 2537 922 2619 πολεμίοις
940 2543 1128 2625 προσιέναι.
1167 2542 1252 2621 Quid
1274 2545 1397 2627 igitur?

244 2636 446 2720 Didymusne
468 2637 522 2703 hic
543 2640 623 2705 latet
645 2641 821 2706 communis
843 2642 975 2708 auctor?
1016 2643 1169 2710 Eiusdem
1191 2642 1278 2729 πρὸς
1294 2639 1397 2711 Ἴωνα

246 2729 475 2824 ἇντεξηνήσεις
505 2740 591 2824 XIV,
609 2742 696 2806 6340
725 2742 895 2808 laudantur
923 2743 965 2810 de
994 2745 1088 2812 rebus
1117 2748 1256 2813 musicis.
1306 2749 1395 2815 Ionis

245 2859 356 3005 uersps
385 2847 533 2907 secuntur
561 2841 641 2908 illud
668 2843 854 2926 Epicharmi
882 2847 1099 2912 testimoninm
1131 2849 1219 2933 apud
1240 2848 1315 2915 Ath.
1339 2850 1394 2934 IV,

248 2943 308 3005 184
339 2943 345 3004 l

332 3142 546 3208 Transeamus
568 3143 665 3226 igitur
685 3143 728 3209 ad
748 3149 862 3206 librum
884 3151 966 3230 xlv,
993 3148 1048 3228 qui
1071 3149 1111 3213 ob
1134 3157 1395 3231 argumentorum

246 3241 436 3309 affinitatem
459 3251 606 3311 accurate
629 3266 701 3312 cum
723 3245 805 3311 libro
820 3247 866 3313 IV
889 3247 1121 3330 comparandus
1144 3256 1200 3315 est.
1240 3250 1395 3335 Sophiste

246 3351 320 3425 post
349 3346 564 3429 conscriptum
591 3347 708 3412 librum
734 3347 778 3411 IV
805 3368 905 3415 nouas
935 3348 975 3414 de
1004 3350 1099 3416 rebus
1128 3352 1258 3419 musicis
1289 3354 1392 3423 fontes

247 3441 373 3508 uidetur
394 3453 528 3512 nanctus
551 3468 636 3532 esse,
660 3449 775 3531 quibus
797 3448 841 3516 ad
862 3451 1097 3517 retractandam
1119 3472 1160 3518 cx
1182 3459 1273 3538 parte
1296 3464 1393 3524 mate·

247 3543 328 3608 riam
350 3545 479 3611 uberius
502 3553 534 3612 et
555 3549 690 3633 doctius,
714 3570 809 3632 quam
832 3559 928 3618 antea
949 3559 1106 3637 potuerat,
1128 3553 1351 3622 adduceretur.

332 3667 363 3730 p.
376 3649 464 3712 bibe
487 3648 566 3733 περὶ
589 3640 698 3713 αὐλών
722 3651 897 3736 disputatio
921 3655 1041 3738 incipit.
1085 3655 1274 3724 Praemissis
1297 3662 1394 3728 uariis
1417 3651 1420 3656 ’

247 3748 438 3830 quibusdam
460 3750 737 3819 obseruationibus
757 3754 978 3838 Tryphonisl
977 3763 1122 3838 ragment
1123 3777 1175 3822 um
1197 3764 1395 3847 proponitur,

247 3866 289 3912 ex
310 3869 374 3932 quo
398 3854 588 3918 onomastici
610 3855 679 3921 eius
701 3854 828 3923 indoles
850 3857 976 3922 Polluci
998 3857 1163 3925 simillima
1184 3862 1266 3928 bene
1289 3870 1397 3946 potest

246 3950 349 4013 cerni:
380 3942 606 4036 αὖλήσεωνδ
632 3952 718 4020 εἰσὶν
739 3946 935 4038 ὂνομασίῃιι
965 3948 1011 4032 ὥς
1033 3979 1118 4045 φησι
1144 3960 1286 4080 Τρυφων
1309 3962 1395 4048 ἒνβ’

245 4037 445 4132 ονομασιαῖν,
469 4053 558 4120 αι’·ὁε
582 4062 731 4124 secuntur
750 4059 880 4125 nomina
902 4057 1107 4143 alphabetico
1130 4064 1185 4145 qui
1207 4064 1324 4132 dicitur
1347 4088 1398 4135 or-
