2918 4748
158 306 218 365 152
552 301 665 358 Carolus
682 301 810 358 Albertus
827 302 905 371 Bspp

155 480 227 560 ipsc
257 474 447 559 Rudolphus
480 475 578 541 aliam
611 475 763 541 Fauorini
797 475 1096 540 commentationem
1125 474 1308 557 Aelianum,

155 579 253 644 aliam
275 576 476 642 Athenaeum
505 577 698 659 compilasse
727 577 818 658 ponit
845 580 977 660 propter
1004 575 1190 643 discrimina
1220 573 1309 641 haud

155 679 251 743 leuIa.
275 678 358 743 iIam
374 698 446 743 cum
461 677 542 741 mihi
555 697 620 743 non
635 677 705 743 ueri
721 679 762 742 sit
777 677 883 743 simile
904 677 954 741 his
977 676 1009 741 in
1024 677 1178 742 Fauorini
1200 677 1308 744 lexico

156 782 232 845 uina
254 799 324 846 esse
347 784 491 861 tractata,
515 785 547 844 et
569 800 593 844 s.
610 799 639 843 u.
657 772 747 853 οἶνος
770 786 801 843 et
822 797 847 843 s.
863 797 893 842 u.
909 774 1027 862 τροφή,
1050 778 1135 843 malo
1156 778 1308 859 equidem

157 879 198 945 de
220 881 379 946 communi
401 899 465 945 non
485 879 614 944 Aeliani
642 885 674 944 ct
694 877 854 944 Athenaei
884 877 940 943 sed
962 877 1122 943 Athenaei
1150 884 1183 943 et
1204 879 1308 944 Fauo-

156 983 221 1057 rini
247 982 335 1047 fonte
366 982 507 1065 cogitare
540 981 639 1060 (uelut
660 978 858 1062 Pamphilo),
888 984 922 1043 ut
948 979 1127 1044 Fauorinus
1152 998 1216 1044 non
1245 981 1309 1046 nisi

156 1102 181 1148 s.
197 1103 227 1148 u.
243 1079 350 1168 τροφή
374 1082 414 1148 de
437 1083 520 1148 uinis
543 1083 653 1165 egerit.

240 1182 331 1248 Nihil
353 1183 451 1266 igitur
465 1183 596 1248 Aeliani
618 1183 860 1265 comparatione
882 1180 1118 1247 demonstratur
1139 1179 1180 1246 de
1203 1180 1307 1247 Fauo-

155 1285 224 1348 rino
247 1283 408 1349 Athenaei
430 1284 527 1349 sonte.
566 1283 631 1349 Sed
654 1289 728 1349 sunt
750 1285 782 1347 iu
802 1281 979 1365 Athenaeo,
1004 1301 1086 1365 quae
1109 1301 1180 1348 eum
1203 1281 1308 1348 Fauo·

154 1384 216 1448 rini
239 1386 426 1467 fragmentis
449 1384 537 1469 apud
560 1385 642 1450 alios
664 1386 835 1471 scriptores
857 1384 993 1450 seruatis
1016 1383 1192 1449 concinant.

240 1486 347 1551 Ath.I
369 1489 425 1565 (tle
446 1488 489 1563 et)
513 1487 576 1550 211
601 1487 699 1552 utitur
721 1506 816 1551 uersu
840 1506 880 1551 ex
902 1484 963 1552 Od.
980 1487 1007 1547 θ
1025 1488 1083 1548 120
1100 1491 1132 1550 et
1149 1487 1205 1547 121
1232 1505 1308 1550 con·

154 1586 239 1653 flate.
284 1587 408 1653 Eodem
430 1588 638 1653 Aristotelem
667 1607 758 1653 usum
789 1605 858 1653 esse
886 1586 984 1652 tradit
1009 1587 1189 1651 Fauorinus
1217 1584 1307 1668 apud

155 1689 250 1771 Diog.
267 1689 323 1753 La.
339 1690 377 1771 V,
394 1693 422 1752 9.
460 1689 539 1753 inde
561 1690 756 1754 Fauorinum
779 1689 821 1753 ab
835 1686 1002 1753 Athenaeo
1024 1692 1210 1770 usurpatum
1234 1706 1307 1753 esse

154 1795 220 1853 tum
237 1788 366 1855 demum
383 1791 501 1873 poterit
517 1789 674 1872 concludi,
698 1790 754 1854 ubi
768 1788 982 1854 Aristotelem.
993 1789 1131 1873 primum
1147 1788 1307 1854 constabit

154 1890 229 1956 illos
256 1911 369 1958 uersus
398 1892 649 1974 contaminasse,
681 1891 716 1955 id
746 1890 831 1972 quod
860 1891 962 1956 cuiuis
990 1892 1023 1955 in
1051 1897 1201 1974 promptu
1227 1894 1305 1954 erat.

156 1995 276 2072 Quidni
297 1991 481 2058 Athenaeus
504 1998 560 2056 aut
582 2012 639 2058 suo
661 1992 765 2057 Marte
786 1997 840 2057 aut
862 2011 903 2057 ex
927 1992 1156 2058 consuetudine
1177 1992 1306 2074 uulgari

156 2097 202 2160 sic
224 2113 335 2159 uersus
359 2093 578 2159 contraxerit?

240 2193 331 2270 Quae
352 2193 535 2278 Stephanus
550 2194 627 2277 Byu.
644 2214 668 2260 s.
684 2215 714 2259 u.
732 2194 904 2279 Βηοολτίο
925 2202 1034 2260 narrat
1055 2195 1173 2262 additis
1196 2198 1304 2264 uerbis

153 2289 199 2369 (ὃς
224 2291 432 2375 Θεόπομπος
455 2293 581 2379 ἱστορεῖ
605 2296 660 2359 καὶ
687 2299 897 2380 Φαβωρῖνος,
925 2297 1112 2363 Athenaeus
1134 2317 1175 2363 ex
1197 2297 1303 2364 Theo·

153 2416 274 2479 pompo
289 2397 386 2462 refert
401 2396 454 2478 IV,
468 2399 526 2459 401
537 2417 566 2461 a.
601 2397 669 2461 Iam
685 2397 771 2478 quod
787 2397 979 2463 antecedunt
999 2399 1086 2483 apud
1101 2397 1302 2464 Athenaeum

155 2496 315 2577 quaedam
332 2496 372 2560 de
385 2494 584 2561 ChelidonIIs
601 2494 754 2579 λαγῴοις,
773 2499 859 2581 apud
874 2498 985 2583 Steph.
1001 2505 1107 2566 autem
1124 2520 1185 2566 su.
1199 2499 1303 2565 Χελι-

154 2593 261 2661 ὁόνιοι
291 2616 420 2681 prorsus
443 2597 508 2663 alia
530 2597 589 2663 suh
610 2598 763 2664 Fauorini
786 2601 913 2666 nomine
935 2601 1099 2684 leguntur,
1128 2622 1202 2666 num
1226 2601 1302 2668 iude

152 2699 206 2764 uel
232 2698 346 2764 umbra
367 2699 547 2780 argumenti
576 2700 644 2782 peti
666 2700 818 2784 debebat,
849 2722 911 2784 quo
933 2701 1133 2767 Athenaeum
1156 2724 1177 2768 a
1198 2704 1301 2770 Fauo-

152 2802 223 2865 rino
246 2798 388 2882 pendere
411 2799 704 2866 demonstraretur?

230 2899 305 2965 Ath.
318 2901 367 2964 XI
382 2921 475 2984 capp.
486 2904 652 2964 112—120
668 2909 797 2985 prepter
812 2902 896 2969 dell.
907 2904 994 2986 XIV,
1008 2907 1026 2969 3
1043 2925 1113 2971 cum
1129 2907 1301 2988 probabili-

151 3007 217 3066 tate
232 3002 394 3066 Fauorino
410 3020 430 3064 a
444 3001 617 3085 Rudolpho
639 3004 825 3070 tribuuntur.
862 3005 1000 3085 Reliqua
1022 3007 1091 3071 eius
1112 3014 1301 3089 argumenta

149 3100 231 3166 nihil
259 3103 384 3186 ualent,
415 3108 526 3186 utpote
554 3123 612 3186 per
641 3124 724 3187 quae
753 3106 848 3170 liceat
870 3105 1076 3171 Aristotelem
1100 3127 1300 3174 communem

151 3202 312 3269 Athenaei
336 3209 368 3269 et
389 3203 542 3270 Fauorini
565 3204 605 3270 de
628 3205 750 3288 dialogi
771 3206 954 3271 inuentione
976 3213 1139 3271 auctorem
1167 3229 1299 3290 ponere.

150 3303 215 3370 Sed
239 3305 301 3371 hoe
323 3311 433 3372 teneo:
462 3327 525 3372 non
549 3327 566 3373 e
590 3301 709 3373 ‘lexico
732 3297 958 3372 Fauoriuiano'
984 3305 1065 3372 haec
1087 3307 1298 3393 descripsisse

149 3404 360 3490 Athenaeum,
384 3407 499 3474 sodex
516 3409 595 3490 ipsIs
612 3399 939 3492 ἀπομνημονεύμασι,
962 3428 1045 3491 quae
1067 3409 1178 3476 laudat
1200 3412 1296 3496 Diog.

148 3506 203 3570 La.
221 3507 278 3589 ill,
296 3511 335 3570 48
359 3508 400 3574 de
423 3509 536 3575 eadem
557 3529 601 3574 re.
639 3510 729 3574 Idem
750 3509 837 3575 ualet
859 3510 900 3575 de
915 3509 990 3576 Ath.
1006 3511 1093 3592 Vlll,
1110 3513 1199 3579 354e
1223 3516 1295 3579 coll.

150 3607 245 3691 Diog.
256 3609 312 3672 La.
323 3609 409 3693 VIII,
422 3614 483 3673 417
497 3616 528 3676 et
543 3610 655 3676 Galen.
672 3632 709 3673 π.
726 3601 833 3695 docos.
858 3609 985 3676 διόοοκ.
1009 3633 1040 3694 p.
1056 3615 1126 3697 131,
1143 3617 1199 3680 26:
1221 3637 1296 3681 nam

149 3707 201 3774 hic
225 3728 350 3791 quoque
374 3730 415 3776 ex
437 3709 664 3795 philosophIco
680 3711 818 3794 quodam
833 3713 986 3778 Fauorini
1008 3714 1127 3796 scripto
1150 3715 1296 3784 hausisse

146 3807 347 3890 Athenaeum
371 3817 617 3876 consentaneum
641 3816 697 3878 est.

231 3911 299 3975 Iam
318 3912 464 3977 uenimus
480 3912 521 3976 ad
539 3932 609 3978 eam
632 3917 859 3998 quaestionem,
884 3935 966 3998 quae
988 3917 1081 3983 nobis
1103 3919 1294 4000 grauissima

147 4015 209 4075 est:
238 4009 397 4077 Athenaei
426 4014 535 4096 capita
561 4015 685 4080 musIca
705 4035 780 4080 num
803 4016 997 4083 Fauorinum
1027 4019 1177 4102 sapiant?
1221 4019 1294 4087 Due
