2918 4748
187 326 230 384 De
247 325 369 383 lontibus
387 327 486 399 quibus
504 326 662 384 Athenaeus
679 327 709 383 in
726 326 808 384 rebus
825 342 894 384 mus.
912 327 963 398 lyr.
982 343 1070 385 enarr.
1088 344 1155 387 usus
1173 330 1217 387 sit.
1246 330 1308 390 125

153 527 222 603 ρεῑς
236 516 464 592 Ξοπεταίσιες
482 513 692 598 Θυμοιιάδαι
716 551 753 562 -
773 517 910 585 eandem
925 537 1002 584 sane
1017 524 1151 603 uterque
1167 522 1311 604 sequitur

153 619 379 701 coniecturam,
402 617 461 684 sed
474 617 657 702 Hesychius
673 617 871 686 confidenter
884 619 1015 705 profert,
1038 619 1180 689 Pollucis
1199 627 1311 690 auctor

153 717 338 786 addubitat:
367 717 459 785 uides
481 719 616 803 Didymi
645 719 825 787 doctrinam
846 740 867 787 a
889 719 1065 805 Tryphone
1088 742 1160 788 cum
1183 722 1309 790 dubita·

153 820 250 887 tionis
265 818 499 904 significatione
514 826 687 905 receptam.
710 856 752 867 -
774 823 874 889 Porro
897 820 978 887 mihi
1000 822 1097 907 huet,
1121 823 1208 906 quod
1230 825 1309 892 satis

153 927 267 994 crebro
289 924 409 989 Pollux
431 928 464 988 et
483 921 668 989 Athenaeus
691 923 893 990 consentiunt
914 943 987 989 cum
1008 922 1135 1008 Photio,
1159 944 1254 1007 quem
1275 926 1310 991 in

154 1028 205 1095 his
227 1027 323 1094 rebus
345 1022 557 1108 aTryphone
578 1023 720 1108 pendere
743 1025 894 1110 probauit
914 1024 1033 1090 Naber.
1073 1024 1128 1091 Sic
1150 1026 1185 1090 in
1206 1027 1309 1110 expli·

152 1129 258 1198 canda
279 1145 359 1194 uoce
381 1127 610 1210 θερμαυστρίς
639 1124 754 1204 (Rohd.
777 1147 809 1211 p.
822 1129 891 1210 53),
921 1122 1048 1200 σκοπός
1070 1132 1102 1192 et
1125 1122 1224 1208 σκώψ
1252 1127 1309 1206 ud.

150 1253 184 1316 p.
198 1234 267 1314 30);
293 1225 481 1311 μεσόκοποι
504 1217 616 1291 αὐλοί·
640 1225 673 1290 οἱ
695 1220 933 1310 ὑποδεέστεροι
954 1229 1020 1292 τῶν
1042 1227 1188 1308 calescis,
1210 1230 1310 1311 μέσοι

151 1327 259 1406 (Phot.
274 1357 318 1381 =
332 1327 420 1412 Hes,
445 1327 802 1413 ef.Ath.176f.18203
829 1329 911 1394 Poll.
934 1328 1055 1394 nudum
1077 1349 1195 1396 nomen
1216 1349 1310 1415 prae·

150 1431 237 1514 bet);
267 1430 360 1497 Phot.
385 1449 410 1496 s.
426 1450 457 1495 u.
479 1428 592 1511 ἱμαῖος
614 1431 687 1496 coll.
706 1428 881 1514 Tryphone
903 1428 991 1513 apud
1012 1428 1087 1495 Ath.
1104 1433 1193 1497 6180
1221 1430 1310 1507 (uide

150 1552 251 1618 supra
273 1531 457 1617 disputata).
500 1531 554 1597 Ad
576 1529 669 1597 Phet.
691 1551 716 1597 s.
729 1551 759 1596 u.
780 1528 978 1613 σκώπευμα·
1001 1532 1109 1616 σχῆμα
1132 1529 1310 1617 σατυρικόν

151 1633 193 1699 cf.
216 1634 299 1700 Poll.
322 1636 415 1709 §105
443 1628 543 1718 σιμὴν
562 1643 674 1716 χεῖρα·
704 1633 814 1716 σχῆμα
836 1628 991 1716 τραγικόν
1013 1660 1056 1684 =
1077 1632 1218 1715 Hesyoh.
1240 1653 1308 1700 au.

150 1735 203 1801 De
226 1733 386 1801 Athenaei
409 1755 480 1801 cum
502 1733 620 1801 Photio
642 1753 799 1800 consensu
820 1735 916 1819 plura
937 1733 1082 1801 dicemus
1104 1736 1195 1801 infra.

238 1835 334 1915 Quod
365 1855 442 1902 uero
471 1856 698 1919 nonnunquam
727 1836 846 1902 Pollux
880 1841 913 1901 et
940 1835 1128 1902 Athenaeus
1161 1836 1307 1903 ubertate

152 1943 348 2020 superantur
370 1937 411 2001 ab
433 1935 615 2019 Hesychia,
637 1957 701 2002 non
722 1942 830 2021 potest
850 1936 1063 2020 probabiliter
1085 1937 1257 2021 explicari,
1280 1938 1310 2004 si

152 2039 203 2102 illi
225 2038 340 2103 Iubam
369 2037 476 2118 ipsum
504 2035 716 2121 descripsere,
745 2036 928 2121 Hesychius
950 2036 1136 2120 Didymum.
1181 2039 1310 2105 Etenim

152 2157 290 2221 parcere
307 2135 436 2202 chartae
452 2136 528 2202 licet
542 2137 720 2203 interfuerit
733 2139 885 2222 Pollucis,
908 2144 942 2204 at
955 2159 1020 2204 non
1034 2137 1193 2206 Athenaei
1214 2141 1310 2206 inter·

155 2244 236 2303 erat.
280 2238 382 2304 Immo
404 2235 484 2305 haec
506 2244 556 2304 est
578 2259 691 2305 cansa:
722 2239 880 2322 Hesychii
906 2241 993 2323 fons,
1023 2240 1156 2325 Didymi
1185 2240 1309 2324 copiae,

153 2340 221 2405 illis
250 2360 314 2404 non
336 2339 401 2404 iam
422 2340 539 2423 plenae
567 2339 711 2406 fluebant
738 2346 849 2424 utpote
877 2361 935 2425 per
957 2341 1142 2426 Tryphonis
1171 2342 1310 2411 cribrum

152 2441 369 2507 transmissae.
407 2440 522 2523 Neque
544 2442 642 2525 igitur
663 2440 779 2509 Rohde
803 2444 978 2509 communis
999 2443 1125 2511 Polluci
1141 2444 1308 2512 Athenaeo

152 2540 297 2624 Didymo
325 2542 420 2608 fontis
449 2541 672 2609 documentum
699 2550 810 2629 petere
839 2543 950 2610 debuit
978 2565 1021 2611 ex
1048 2544 1213 2630 Hesychio
1235 2566 1260 2613 s.
1277 2568 1308 2613 u.

154 2639 310 2707 διποδία·
334 2633 501 2728 ὀρχήσεως
518 2638 607 2718 εἶδος
628 2677 670 2687 -
693 2644 725 2709 oi
749 2643 785 2708 δὲ
809 2643 1026 2724 διποδισμός·
1050 2647 1105 2709 καὶ
1128 2641 1216 2720 εἶδος
1230 2651 1310 2710 Λα-

154 2745 291 2830 κωνικῆς
320 2735 486 2829 ὀρχήσεως
515 2745 587 2810 ooll.
609 2744 684 2810 Aah.
707 2766 739 2827 p.
756 2747 846 2808 63οο
875 2750 907 2810 et
934 2744 1146 2828 P011.§101,
1176 2767 1312 2830 quorum

155 2845 316 2913 diuersam
331 2851 465 2928 uterque
480 2843 575 2910 huius
589 2846 719 2928 glossae
734 2849 858 2927 partem
872 2843 1020 2910 exhibet:
1043 2847 1160 2911 etenim
1175 2855 1312 2933 apparet

154 2945 354 3013 Athenaeum
377 2953 409 3012 et
423 2946 589 3013 Pollucem
610 2965 674 3012 nen
698 2947 763 3012 iam
786 2966 804 3013 e
827 2947 932 3032 plenis
947 2947 1082 3032 Didymi
1104 2947 1228 3016 horreis
1251 2971 1311 3017 sua

154 3047 401 3134 deprompsisse.

238 3151 411 3216 Praeterea
438 3151 472 3215 in
500 3148 701 3232 explicandis
730 3150 777 3215 eis
807 3149 1087 3217 instrumentorum
1115 3153 1308 3235 nominihus,

155 3271 237 3341 quae
252 3250 438 3318 Athenaeus
460 3252 493 3316 in
514 3251 597 3318 libro
617 3251 664 3316 IV
685 3257 840 3334 recenset,
863 3251 1046 3334 Hesychius
1068 3272 1166 3335 saepe
1188 3253 1311 3318 nullam

155 3373 226 3418 cum
241 3354 299 3419 illo
314 3352 555 3419 similitudinem
571 3352 687 3435 habet;
711 3371 774 3436 quo
793 3370 835 3417 ex
853 3371 985 3417 numero
1008 3358 1080 3417 sunt
1102 3371 1129 3418 e.
1146 3374 1177 3436 g.
1193 3350 1310 3437 ἕλαμοι

154 3458 288 3539 γίγγρας
309 3446 481 3536 πανδούρα
504 3450 642 3537 φώτιγξ.
665 3489 707 3499 -
729 3454 779 3519 De
794 3453 1000 3536 clepsiambis
1021 3459 1054 3519 et
1068 3454 1254 3524 Athenaeus
1276 3464 1310 3524 et

155 3555 335 3639 Hesychius
357 3555 584 3621 Aristoxenum
612 3552 744 3619 laudant
771 3554 830 3621 sed
859 3575 988 3638 prorsus
1010 3555 1140 3624 diuersa
1167 3565 1307 3623 narrant.

155 3657 204 3722 De
225 3655 402 3741 pyrrhicha
423 3676 521 3740 supra
542 3656 655 3737 (plot
673 3659 778 3732 noti)
801 3655 1089 3724 demonstrauimus
1110 3658 1193 3723 nihil
1207 3658 1308 3723 Iubae

155 3777 251 3841 posse
273 3757 440 3824 uindicari.
478 3755 611 3839 Trypho
635 3754 712 3839 quid
735 3756 776 3823 de
798 3776 838 3823 ea
860 3758 1013 3842 docuerit,
1036 3759 1210 3840 nescimus;
1238 3777 1311 3826 cum

155 3879 232 3926 uero
255 3860 372 3924 Pollux
395 3865 427 3923 et
448 3857 631 3941 Hesychius
653 3859 853 3924 consentiant
876 3879 914 3924 ae
936 3860 1031 3925 simul
1058 3859 1240 3942 discrepent
1265 3861 1309 3927 ab

155 3959 333 4042 Athenaeo,
357 3960 498 4041 quinon
520 3958 662 4041 sequitur
684 3955 738 4024 hic
758 3959 968 4044 Tryphonem
990 3958 1047 4024 sed
1070 3959 1307 4045 Aristoxenum,

156 4060 204 4126 illi
226 4081 286 4128 sua
307 4060 456 4127 uidentur
478 4058 646 4144 Tryphoni
669 4058 788 4126 dehere
811 4067 843 4127 et
864 4060 1016 4143 Didymo.
