2918 4748
628 332 740 387 Carolus
758 331 886 388 Albertus
903 333 981 402 Bapp

699 553 825 664 Oneon
851 589 922 663 III.

645 738 714 815 De
748 737 964 839 Didyme.

319 911 454 978 Omissis
478 911 637 994 capitibus
651 911 872 977 Aristoxeneis
895 910 1002 976 statim
1024 910 1068 976 ad
1090 911 1111 975 l.
1127 910 1205 975 XIV
1224 930 1250 975 c.
1264 912 1305 973 34
1313 929 1385 993 sqq.

230 1015 433 1097 accedamus,
456 1013 511 1078 ubi
527 1013 632 1079 subito
646 1012 832 1079 Athenaeus
854 1011 897 1077 ad
919 1013 1128 1078 instrumenta
1150 1012 1272 1077 musica
1290 1010 1386 1076 redit.

230 1118 282 1182 De
298 1117 448 1182 sambuca
461 1114 610 1180 diximus.
641 1114 793 1196 Sequitur
808 1112 848 1179 de
864 1113 1046 1197 magadide,
1064 1134 1160 1197 quam
1174 1114 1228 1196 IV,
1239 1116 1299 1176 182
1307 1113 1392 1178 d—f

230 1219 342 1302 paucis
372 1217 538 1298 attigerat,
569 1217 678 1300 ampla
701 1222 732 1281 et
755 1216 850 1281 docta
873 1214 1082 1298 disquisitior
1102 1206 1245 1295 πότερον
1275 1205 1387 1278 αὐλῶν

231 1312 320 1392 εἶδος
335 1304 355 1402 ἢ
370 1313 516 1400 κιθάρας
531 1313 621 1380 ἐστίν
630 1343 640 1395 ‚·
669 1317 747 1382 Post
761 1318 944 1399 catalogum
959 1337 1079 1399 eorum,
1103 1318 1157 1399 qui
1179 1314 1258 1399 περὶ
1274 1307 1388 1380 αὐλῶν

231 1420 418 1502 scripserint
439 1438 499 1484 nec
521 1425 629 1484 tamen
651 1419 750 1483 tibiae
772 1438 872 1501 genus
902 1438 973 1485 esse
1001 1418 1155 1500 magadin
1183 1417 1387 1500 tradiderint,

230 1519 414 1605 Tryphonis
435 1521 565 1587 nomine
588 1520 757 1585 laudantur
781 1520 912 1603 eadem,
942 1540 1024 1603 quae
1046 1527 1177 1586 auctore
1199 1540 1262 1585 non
1283 1519 1387 1585 nomi·

230 1629 304 1688 nato
328 1624 477 1705 leguntur
502 1623 562 1685 182
570 1622 600 1686 d.
645 1621 750 1704 Atque
774 1622 926 1704 magadin
951 1623 1062 1687 tibiam
1087 1622 1209 1688 dixisse
1231 1620 1388 1686 discimus

231 1731 263 1789 et
278 1723 499 1789 Aristarchum
516 1730 547 1789 et
562 1723 779 1806 Tryphonem.
816 1720 928 1787 Λύσιν
950 1730 1059 1789 autem
1081 1725 1139 1808 τῆς
1160 1715 1306 1807 ἆπορίας
1328 1721 1390 1786 dat

229 1823 380 1906 Δίδυμος
409 1818 426 1888 ὁ
455 1821 682 1910 γραμματικὸς
713 1822 746 1890 ἒν
772 1837 846 1900 ταῖς
874 1821 961 1908 πρὸς
982 1819 1084 1890 Ἴωνα
1114 1817 1388 1911 ἆντεξηγήσεσιν;

231 1929 286 2010 qui
308 1923 451 2009 μάγαδιν
469 1917 570 1990 αὐλὸν
587 1918 700 1991 ἀκούει
714 1923 772 1991 τὸν
786 1924 1043 2012 κιθαριστήριον
1064 1927 1132 1991 κτλ.
1168 1926 1388 1992 Proficiseitur

96 2107 100 2115 ,
231 2029 316 2094 enim
339 2028 513 2110 disputatio
537 2029 578 2093 ab
601 2029 688 2093 Ionis
714 2048 809 2093 uersu
838 2029 978 2110 quodam
1008 2035 1040 2095 et
1068 2031 1136 2096 eius
1166 2030 1385 2113 explicatione

229 2128 446 2195 Aristarchea.
483 2129 575 2195 Licet
590 2136 738 2213 corrupta
752 2131 816 2196 sint
833 2132 934 2196 uerba
956 2127 1043 2215 πρὸς
1058 2124 1174 2196 Ἴωνας
1197 2129 1259 2196 hoo
1274 2136 1385 2196 tenen-

231 2230 307 2296 dum
323 2236 380 2314 est,
404 2232 437 2295 in
453 2232 680 2297 commentario
696 2231 873 2314 Didymum
888 2234 1077 2298 sententiam
1092 2252 1182 2298 suam
1200 2232 1383 2315 protulisse.

230 2330 316 2409 Quid
332 2333 429 2415 igitur
444 2334 512 2398 ueri
528 2340 577 2399 est
591 2334 728 2399 similius
748 2355 844 2416 quam
859 2334 1035 2418 Didymum
1058 2341 1090 2399 et
1110 2335 1216 2417 ipsum
1236 2332 1279 2397 ad
1293 2333 1384 2401 Ionis

230 2453 358 2499 uersum
372 2454 432 2499 sua
446 2434 618 2501 adnotasse
633 2426 934 2520 ἇντεξηγούμενονλ
962 2435 1164 2521 Quapropter
1174 2437 1282 2519 uerba,
1299 2456 1384 2518 quae

230 2540 304 2600 sunt
327 2530 493 2598 ἐλλείπειν
517 2520 573 2599 οὖν
597 2534 649 2600 δεῖ
669 2532 764 2619 παρὰ
787 2538 834 2619 τῷ
850 2530 942 2601 ’Ίωνι
964 2535 1023 2601 τόν
1040 2561 1077 2601 τε
1100 2535 1282 2618 σονδεσμόν
1304 2536 1382 2616 κτλ,

230 2637 300 2702 sine
330 2637 397 2701 ulla
428 2637 627 2704 dubitatione
655 2639 797 2721 Didymo
825 2639 940 2704 tribuo.
985 2640 1157 2706 Difficilius
1187 2647 1236 2706 est
1263 2639 1305 2704 de
1335 2659 1382 2704 se-

231 2739 402 2820 quentihus
424 2738 578 2805 iudicare.
622 2739 688 2805 Sed
710 2741 799 2824 prius
822 2740 1055 2825 quaerendum,
1078 2761 1161 2824 quae
1183 2742 1265 2807 ratio
1287 2741 1383 2805 inter-

233 2839 329 2906 cedat
351 2842 433 2906 inter
455 2848 551 2925 caput
567 2844 616 2924 35,
641 2842 727 2923 quod
743 2843 920 2909 Aristarchi
940 2849 971 2909 et
986 2842 1170 2927 Tryphonis
1193 2843 1384 2909 sententiam

231 2942 381 3027 continet,
405 2949 437 3007 et
459 2948 555 3025 caput
571 2944 621 3022 36,
645 2962 707 3023 quo
729 2944 864 3026 Didymi
886 2944 1032 3010 doctrina
1053 2946 1195 3010 refertur.
1240 2945 1383 3009 Primum

230 3042 363 3106 minime
386 3042 551 3108 aduersari
574 3041 655 3107 haec
677 3044 785 3126 capita
807 3045 890 3109 inter
915 3064 950 3110 se
979 3043 1136 3110 contendo
1165 3051 1275 3111 contra
1296 3045 1383 3110 Roh·

232 3141 321 3208 dium
349 3146 393 3228 (p.
410 3147 476 3224 47),
508 3145 605 3209 immo
629 3164 712 3226 quae
734 3145 767 3209 in
789 3145 845 3209 illo
867 3146 1055 3228 proponitur
1077 3136 1221 3228 ἀπορία,
1248 3147 1384 3210 soluitur

229 3245 264 3309 in
285 3242 357 3310 hoc.
400 3244 515 3327 Neque
536 3245 694 3330 Didymus
720 3239 833 3310 ‘tibiae
854 3246 954 3310 ullam
981 3247 1123 3329 speciem
1151 3265 1292 3328 unquam
1319 3245 1383 3313 hoo

230 3351 358 3415 nomine
373 3348 585 3431 significatam
602 3338 687 3414 esse'
706 3348 772 3412 ullo
792 3348 889 3412 uerbo
912 3354 1018 3430 negat.
1051 3348 1168 3412 Pollux
1190 3354 1296 3413 autem
1317 3368 1383 3414 non

229 3451 292 3515 nisi
316 3450 356 3514 de
379 3450 517 3532 psalticae
538 3448 710 3531 magadide
723 3449 880 3530 loquitur:
903 3446 1047 3532 μάγαδιν
1063 3440 1095 3511 δ’
1115 3440 1270 3531 ὀνομάζει
1283 3442 1382 3514 Άνα-

229 3554 342 3637 κρέων,
366 3546 424 3633 τὴν
448 3541 480 3611 δ’
500 3540 628 3633 εὕρεσιν
651 3541 751 3633 αὐτῆς
772 3548 956 3633 Κάνθαρος
978 3552 1141 3628 (comicus)
1163 3549 1269 3636 Θρᾳξὶ
1293 3554 1382 3630 (item

230 3655 329 3720 Duris
344 3651 431 3736 apud
446 3649 521 3715 Ath.
532 3651 610 3715 XIV
626 3671 695 3735 cap.
709 3655 761 3728 40)
777 3657 1015 3739 προστίθησιν.
1049 3653 1139 3719 Ηοεο
1154 3655 1183 3719 si
1197 3673 1261 3718 non
1277 3656 1381 3720 minus

230 3764 304 3824 sunt
332 3753 516 3838 Tryphonis
546 3772 640 3834 quam
675 3771 758 3836 quae
787 3754 874 3838 apud
902 3754 1104 3820 Athenaeum
1132 3755 1188 3820 illc
1217 3756 1311 3821 docet
1340 3756 1382 3820 de

230 3858 405 3940 magadide
420 3856 500 3923 tibia
521 3889 562 3899 —
585 3873 689 3938 neque
713 3862 761 3922 est
783 3874 838 3922 cur
860 3857 901 3921 de
923 3862 1059 3938 utroque
1080 3857 1288 3922 instrumento
1305 3859 1382 3940 quin

232 3961 426 4042 exposuerit,
448 3957 584 4024 diuersis
599 3956 736 4023 fortasse
750 3958 840 4041 locis,
864 3957 1045 4024 dubitemus
1062 3992 1104 4003 —
1121 3979 1185 4025 non
1200 3964 1285 4024 certe
1300 3960 1381 4043 Try-

231 4059 331 4144 phoni
354 4061 507 4127 debemus
530 4079 613 4142 quae
634 4061 783 4144 leguntur
804 4081 836 4145 p.
849 4061 944 4125 634st
966 4053 985 4122 ί
1006 4056 1069 4144 γὰρ
1083 4057 1227 4144 μάγαδις
1241 4053 1383 4144 ὄργανον
