<?xml version="1.0" encoding="UTF-8"?>
<!DOCTYPE html PUBLIC "-//W3C//DTD XHTML 1.0 Transitional//EN"
    "http://www.w3.org/TR/xhtml1/DTD/xhtml1-transitional.dtd">
<html xmlns="http://www.w3.org/1999/xhtml" xml:lang="en" lang="en">
 <head>
  <title>
</title>
<meta http-equiv="Content-Type" content="text/html;charset=utf-8" />
  <meta name='ocr-system' content='tesseract 3.04.00' />
  <meta name='ocr-capabilities' content='ocr_page ocr_carea ocr_par ocr_line ocrx_word'/>
</head>
<body>
  <div class='ocr_page' id='page_1' title='image "./defontibusquibu00bappgoog_0088.png"; bbox 0 0 2918 4748; ppageno 0'>
   <div class='ocr_carea' id='block_1_1' title="bbox 186 302 1300 383">
    <p class='ocr_par' dir='ltr' id='par_1_1' title="bbox 186 302 1300 383">
     <span class='ocr_line' id='line_1_1' title="bbox 186 302 1300 383; baseline 0.017 -25"><span class='ocrx_word' id='word_1_1' title='bbox 186 303 231 360; x_wconf 87' lang='lat' dir='ltr'>De</span> <span class='ocrx_word' id='word_1_2' title='bbox 246 302 369 360; x_wconf 79' lang='lat' dir='ltr'>fontibus</span> <span class='ocrx_word' id='word_1_3' title='bbox 388 303 484 374; x_wconf 85' lang='lat' dir='ltr'>quibua</span> <span class='ocrx_word' id='word_1_4' title='bbox 503 306 659 362; x_wconf 77' lang='lat' dir='ltr'>Athenaeus</span> <span class='ocrx_word' id='word_1_5' title='bbox 676 307 706 362; x_wconf 91' lang='lat' dir='ltr'>iu</span> <span class='ocrx_word' id='word_1_6' title='bbox 723 310 804 365; x_wconf 87' lang='lat' dir='ltr'>rebus</span> <span class='ocrx_word' id='word_1_7' title='bbox 823 327 890 367; x_wconf 86' lang='lat' dir='ltr'>mus.</span> <span class='ocrx_word' id='word_1_8' title='bbox 910 312 958 383; x_wconf 87' lang='lat' dir='ltr'>lyr.</span> <span class='ocrx_word' id='word_1_9' title='bbox 978 329 1066 371; x_wconf 90' lang='lat' dir='ltr'>enarr.</span> <span class='ocrx_word' id='word_1_10' title='bbox 1085 332 1150 373; x_wconf 88' lang='lat' dir='ltr'>usus</span> <span class='ocrx_word' id='word_1_11' title='bbox 1169 318 1211 373; x_wconf 89' lang='lat' dir='ltr'>sit.</span> <span class='ocrx_word' id='word_1_12' title='bbox 1242 320 1300 377; x_wconf 82' lang='lat'>151</span> 
     </span>
    </p>
   </div>
   <div class='ocr_carea' id='block_1_2' title="bbox 150 478 1303 1356">
    <p class='ocr_par' dir='ltr' id='par_1_2' title="bbox 150 478 1303 868">
     <span class='ocr_line' id='line_1_2' title="bbox 150 478 1302 567; baseline 0.011 -24"><span class='ocrx_word' id='word_1_13' title='bbox 150 479 186 545; x_wconf 90' lang='lat' dir='ltr'>iu</span> <span class='ocrx_word' id='word_1_14' title='bbox 202 478 408 544; x_wconf 76' lang='lat' dir='ltr'>saltationum</span> <span class='ocrx_word' id='word_1_15' title='bbox 432 483 464 543; x_wconf 90' lang='lat' dir='ltr'>et</span> <span class='ocrx_word' id='word_1_16' title='bbox 487 480 520 544; x_wconf 93' lang='lat' dir='ltr'>in</span> <span class='ocrx_word' id='word_1_17' title='bbox 539 480 818 548; x_wconf 71' lang='lat' dir='ltr'><strong>instrumentorum</strong></span> <span class='ocrx_word' id='word_1_18' title='bbox 834 487 1071 553; x_wconf 82' lang='lat' dir='ltr'>enumeratione</span> <span class='ocrx_word' id='word_1_19' title='bbox 1095 488 1182 567; x_wconf 86' lang='lat' dir='ltr'>(uide</span> <span class='ocrx_word' id='word_1_20' title='bbox 1197 490 1302 557; x_wconf 88' lang='lat' dir='ltr'>Rohd.</span> 
     </span>
     <span class='ocr_line' id='line_1_3' title="bbox 151 580 1303 673; baseline 0.013 -31"><span class='ocrx_word' id='word_1_21' title='bbox 151 600 183 664; x_wconf 93' lang='lat' dir='ltr'>p.</span> <span class='ocrx_word' id='word_1_22' title='bbox 202 583 252 644; x_wconf 81' lang='lat'>24.</span> <span class='ocrx_word' id='word_1_23' title='bbox 269 582 310 643; x_wconf 77' lang='lat'>29</span> <span class='ocrx_word' id='word_1_24' title='bbox 324 586 390 645; x_wconf 91' lang='lat' dir='ltr'>not.</span> <span class='ocrx_word' id='word_1_25' title='bbox 403 583 432 645; x_wconf 81' lang='lat'>2.</span> <span class='ocrx_word' id='word_1_26' title='bbox 450 582 512 656; x_wconf 85' lang='lat'>30).</span> <span class='ocrx_word' id='word_1_27' title='bbox 549 580 620 647; x_wconf 91' lang='lat' dir='ltr'>Hoc</span> <span class='ocrx_word' id='word_1_28' title='bbox 635 583 723 649; x_wconf 94' lang='lat' dir='ltr'>nullo</span> <span class='ocrx_word' id='word_1_29' title='bbox 738 592 833 666; x_wconf 90' lang='lat' dir='ltr'>pacto</span> <span class='ocrx_word' id='word_1_30' title='bbox 850 586 1007 668; x_wconf 86' lang='lat' dir='ltr'>explicari</span> <span class='ocrx_word' id='word_1_31' title='bbox 1028 593 1143 673; x_wconf 91' lang='lat' dir='ltr'>potest,</span> <span class='ocrx_word' id='word_1_32' title='bbox 1167 591 1194 656; x_wconf 92' lang='lat' dir='ltr'>si</span> <span class='ocrx_word' id='word_1_33' title='bbox 1210 591 1303 656; x_wconf 90' lang='lat' dir='ltr'>Pam-</span> 
     </span>
     <span class='ocr_line' id='line_1_4' title="bbox 153 680 1302 776; baseline 0.01 -30"><span class='ocrx_word' id='word_1_34' title='bbox 153 680 278 768; x_wconf 94' lang='lat' dir='ltr'>philum</span> <span class='ocrx_word' id='word_1_35' title='bbox 304 681 346 747; x_wconf 93' lang='lat' dir='ltr'>ab</span> <span class='ocrx_word' id='word_1_36' title='bbox 368 680 536 749; x_wconf 84' lang='lat' dir='ltr'>Athenaeo</span> <span class='ocrx_word' id='word_1_37' title='bbox 565 681 619 750; x_wconf 93' lang='lat' dir='ltr'>hic</span> <span class='ocrx_word' id='word_1_38' title='bbox 647 691 832 769; x_wconf 86' lang='lat' dir='ltr'>excerptum</span> <span class='ocrx_word' id='word_1_39' title='bbox 859 705 930 753; x_wconf 86' lang='lat' dir='ltr'>osse</span> <span class='ocrx_word' id='word_1_40' title='bbox 959 690 1142 774; x_wconf 87' lang='lat' dir='ltr'>statuimus;</span> <span class='ocrx_word' id='word_1_41' title='bbox 1172 692 1199 758; x_wconf 92' lang='lat' dir='ltr'>si</span> <span class='ocrx_word' id='word_1_42' title='bbox 1222 693 1302 776; x_wconf 83' lang='lat' dir='ltr'>Try·</span> 
     </span>
     <span class='ocr_line' id='line_1_5' title="bbox 152 782 531 868; baseline 0.003 -20"><span class='ocrx_word' id='word_1_43' title='bbox 152 782 310 868; x_wconf 91' lang='lat' dir='ltr'>phonem,</span> <span class='ocrx_word' id='word_1_44' title='bbox 334 783 488 849; x_wconf 90' lang='lat' dir='ltr'>facillime</span> <span class='ocrx_word' id='word_1_45' title='bbox 499 786 531 859; x_wconf 84' lang='lat'>¹).</span> 
     </span>
    </p>

    <p class='ocr_par' dir='ltr' id='par_1_3' title="bbox 152 884 1302 1356">
     <span class='ocr_line' id='line_1_6' title="bbox 239 884 1302 972; baseline 0.008 -21"><span class='ocrx_word' id='word_1_46' title='bbox 239 884 366 968; x_wconf 80' lang='lat' dir='ltr'>Cogitet</span> <span class='ocrx_word' id='word_1_47' title='bbox 381 885 541 969; x_wconf 84' lang='lat' dir='ltr'>quispiam</span> <span class='ocrx_word' id='word_1_48' title='bbox 555 885 596 950; x_wconf 88' lang='lat' dir='ltr'>de</span> <span class='ocrx_word' id='word_1_49' title='bbox 612 884 774 969; x_wconf 87' lang='lat' dir='ltr'>Pamphili</span> <span class='ocrx_word' id='word_1_50' title='bbox 795 894 896 972; x_wconf 91' lang='lat' dir='ltr'>prato,</span> <span class='ocrx_word' id='word_1_51' title='bbox 921 888 1008 972; x_wconf 91' lang='lat' dir='ltr'>quod</span> <span class='ocrx_word' id='word_1_52' title='bbox 1029 898 1116 958; x_wconf 89' lang='lat' dir='ltr'>recte</span> <span class='ocrx_word' id='word_1_53' title='bbox 1137 912 1209 959; x_wconf 93' lang='lat' dir='ltr'>mea</span> <span class='ocrx_word' id='word_1_54' title='bbox 1231 913 1302 959; x_wconf 90' lang='lat' dir='ltr'>sen·</span> 
     </span>
     <span class='ocr_line' id='line_1_7' title="bbox 152 977 1302 1075; baseline 0.007 -25"><span class='ocrx_word' id='word_1_55' title='bbox 152 986 254 1051; x_wconf 87' lang='lat' dir='ltr'>tentia</span> <span class='ocrx_word' id='word_1_56' title='bbox 275 986 317 1052; x_wconf 93' lang='lat' dir='ltr'>ab</span> <span class='ocrx_word' id='word_1_57' title='bbox 335 1005 432 1069; x_wconf 87' lang='lat' dir='ltr'>opere</span> <span class='ocrx_word' id='word_1_58' title='bbox 454 986 532 1070; x_wconf 78' lang='grc' dir='ltr'><em>περὶ</em></span> <span class='ocrx_word' id='word_1_59' title='bbox 557 977 728 1067; x_wconf 81' lang='grc' dir='ltr'><em>ὀνομάτων</em></span> <span class='ocrx_word' id='word_1_60' title='bbox 750 987 804 1052; x_wconf 84' lang='grc' dir='ltr'>καὶ</span> <span class='ocrx_word' id='word_1_61' title='bbox 827 986 986 1070; x_wconf 78' lang='grc' dir='ltr'><em>γλωσσῶν</em></span> <span class='ocrx_word' id='word_1_62' title='bbox 1008 991 1160 1075; x_wconf 90' lang='lat' dir='ltr'>inscripto</span> <span class='ocrx_word' id='word_1_63' title='bbox 1182 993 1302 1072; x_wconf 78' lang='lat' dir='ltr'>discer-</span> 
     </span>
     <span class='ocr_line' id='line_1_8' title="bbox 153 1086 1302 1177; baseline 0.006 -24"><span class='ocrx_word' id='word_1_64' title='bbox 153 1093 231 1153; x_wconf 91' lang='lat' dir='ltr'>nunt</span> <span class='ocrx_word' id='word_1_65' title='bbox 259 1088 360 1154; x_wconf 89' lang='lat' dir='ltr'>Meier</span> <span class='ocrx_word' id='word_1_66' title='bbox 388 1086 578 1171; x_wconf 86' lang='lat' dir='ltr'>Bernhardy</span> <span class='ocrx_word' id='word_1_67' title='bbox 598 1087 732 1172; x_wconf 88' lang='lat' dir='ltr'>Weber,</span> <span class='ocrx_word' id='word_1_68' title='bbox 762 1090 804 1155; x_wconf 88' lang='lat' dir='ltr'>ab</span> <span class='ocrx_word' id='word_1_69' title='bbox 831 1090 1000 1159; x_wconf 83' lang='lat' dir='ltr'>Athenaeo</span> <span class='ocrx_word' id='word_1_70' title='bbox 1029 1100 1190 1177; x_wconf 88' lang='lat' dir='ltr'>usurpato.</span> <span class='ocrx_word' id='word_1_71' title='bbox 1235 1094 1302 1160; x_wconf 86' lang='lat' dir='ltr'>Sed</span> 
     </span>
     <span class='ocr_line' id='line_1_9' title="bbox 153 1187 1301 1276; baseline 0.005 -21"><span class='ocrx_word' id='word_1_72' title='bbox 153 1189 300 1271; x_wconf 90' lang='lat' dir='ltr'>quamuis</span> <span class='ocrx_word' id='word_1_73' title='bbox 322 1188 500 1273; x_wconf 90' lang='lat' dir='ltr'>probabilis</span> <span class='ocrx_word' id='word_1_74' title='bbox 522 1189 564 1254; x_wconf 92' lang='lat' dir='ltr'>sit</span> <span class='ocrx_word' id='word_1_75' title='bbox 586 1187 666 1255; x_wconf 89' lang='lat' dir='ltr'>haec</span> <span class='ocrx_word' id='word_1_76' title='bbox 688 1190 879 1276; x_wconf 90' lang='lat' dir='ltr'>coniectura,</span> <span class='ocrx_word' id='word_1_77' title='bbox 909 1193 1127 1275; x_wconf 87' lang='lat' dir='ltr'>persuadendi</span> <span class='ocrx_word' id='word_1_78' title='bbox 1149 1196 1215 1259; x_wconf 94' lang='lat' dir='ltr'>uim</span> <span class='ocrx_word' id='word_1_79' title='bbox 1237 1216 1301 1261; x_wconf 94' lang='lat' dir='ltr'>non</span> 
     </span>
     <span class='ocr_line' id='line_1_10' title="bbox 153 1289 259 1356; baseline 0 0"><span class='ocrx_word' id='word_1_80' title='bbox 153 1289 259 1356; x_wconf 90' lang='lat' dir='ltr'>habet.</span> 
     </span>
    </p>
   </div>
   <div class='ocr_carea' id='block_1_3' title="bbox 148 1458 1372 3461">
    <p class='ocr_par' dir='ltr' id='par_1_4' title="bbox 148 1458 1372 2958">
     <span class='ocr_line' id='line_1_11' title="bbox 237 1458 1300 1546; baseline 0.007 -24"><span class='ocrx_word' id='word_1_81' title='bbox 237 1459 385 1542; x_wconf 89' lang='lat' dir='ltr'>Denique</span> <span class='ocrx_word' id='word_1_82' title='bbox 408 1479 513 1543; x_wconf 90' lang='lat' dir='ltr'>pauca</span> <span class='ocrx_word' id='word_1_83' title='bbox 534 1458 671 1525; x_wconf 89' lang='lat' dir='ltr'>dicenda</span> <span class='ocrx_word' id='word_1_84' title='bbox 700 1465 773 1524; x_wconf 89' lang='lat' dir='ltr'>sunt</span> <span class='ocrx_word' id='word_1_85' title='bbox 801 1459 842 1526; x_wconf 92' lang='lat' dir='ltr'>de</span> <span class='ocrx_word' id='word_1_86' title='bbox 871 1461 964 1526; x_wconf 89' lang='lat' dir='ltr'>tertio</span> <span class='ocrx_word' id='word_1_87' title='bbox 993 1461 1131 1543; x_wconf 92' lang='lat' dir='ltr'>quodam</span> <span class='ocrx_word' id='word_1_88' title='bbox 1160 1469 1300 1546; x_wconf 90' lang='lat' dir='ltr'>auctore,</span> 
     </span>
     <span class='ocr_line' id='line_1_12' title="bbox 150 1561 1300 1644; baseline 0.002 -18"><span class='ocrx_word' id='word_1_89' title='bbox 150 1562 207 1642; x_wconf 88' lang='lat' dir='ltr'>qui</span> <span class='ocrx_word' id='word_1_90' title='bbox 223 1561 405 1643; x_wconf 89' lang='lat' dir='ltr'>nuperrime</span> <span class='ocrx_word' id='word_1_91' title='bbox 419 1561 591 1644; x_wconf 89' lang='lat' dir='ltr'>primarius</span> <span class='ocrx_word' id='word_1_92' title='bbox 606 1561 765 1627; x_wconf 78' lang='lat' dir='ltr'>Athenaei</span> <span class='ocrx_word' id='word_1_93' title='bbox 787 1561 857 1627; x_wconf 88' lang='lat' dir='ltr'>fons</span> <span class='ocrx_word' id='word_1_94' title='bbox 879 1561 1059 1629; x_wconf 88' lang='lat' dir='ltr'>declaratus</span> <span class='ocrx_word' id='word_1_95' title='bbox 1079 1568 1136 1630; x_wconf 90' lang='lat' dir='ltr'>est.</span> <span class='ocrx_word' id='word_1_96' title='bbox 1173 1565 1300 1630; x_wconf 82' lang='lat' dir='ltr'>Etenim</span> 
     </span>
     <span class='ocr_line' id='line_1_13' title="bbox 151 1655 1299 1745; baseline 0.003 -19"><span class='ocrx_word' id='word_1_97' title='bbox 151 1661 246 1728; x_wconf 85' lang='lat' dir='ltr'>Felix</span> <span class='ocrx_word' id='word_1_98' title='bbox 267 1661 419 1745; x_wconf 91' lang='lat' dir='ltr'>Rudolph</span> <span class='ocrx_word' id='word_1_99' title='bbox 447 1663 480 1726; x_wconf 91' lang='lat' dir='ltr'>in</span> <span class='ocrx_word' id='word_1_100' title='bbox 509 1661 586 1728; x_wconf 91' lang='lat' dir='ltr'>diss.</span> <span class='ocrx_word' id='word_1_101' title='bbox 611 1655 664 1728; x_wconf 83' lang='lat' dir='ltr'>‘de</span> <span class='ocrx_word' id='word_1_102' title='bbox 686 1662 826 1728; x_wconf 88' lang='lat' dir='ltr'>fontibus</span> <span class='ocrx_word' id='word_1_103' title='bbox 850 1662 965 1745; x_wconf 88' lang='lat' dir='ltr'>quibus</span> <span class='ocrx_word' id='word_1_104' title='bbox 986 1664 1140 1730; x_wconf 90' lang='lat' dir='ltr'>Aelianus</span> <span class='ocrx_word' id='word_1_105' title='bbox 1170 1666 1204 1730; x_wconf 92' lang='lat' dir='ltr'>in</span> <span class='ocrx_word' id='word_1_106' title='bbox 1231 1685 1299 1730; x_wconf 89' lang='lat' dir='ltr'>uar.</span> 
     </span>
     <span class='ocr_line' id='line_1_14' title="bbox 151 1753 1300 1852; baseline 0.003 -25"><span class='ocrx_word' id='word_1_107' title='bbox 151 1762 226 1830; x_wconf 90' lang='lat' dir='ltr'>hist.</span> <span class='ocrx_word' id='word_1_108' title='bbox 255 1763 480 1852; x_wconf 38' lang='lat' dir='ltr'>componenda,</span> <span class='ocrx_word' id='word_1_109' title='bbox 508 1783 584 1830; x_wconf 92' lang='lat' dir='ltr'>usus</span> <span class='ocrx_word' id='word_1_110' title='bbox 614 1753 669 1829; x_wconf 82' lang='lat' dir='ltr'>sit&#39;</span> <span class='ocrx_word' id='word_1_111' title='bbox 701 1764 855 1847; x_wconf 89' lang='lat' dir='ltr'>inscripta</span> <span class='ocrx_word' id='word_1_112' title='bbox 888 1763 990 1839; x_wconf 88' lang='lat' dir='ltr'>(Stud.</span> <span class='ocrx_word' id='word_1_113' title='bbox 1012 1763 1100 1848; x_wconf 87' lang='lat' dir='ltr'>Lips.</span> <span class='ocrx_word' id='word_1_114' title='bbox 1122 1765 1183 1831; x_wconf 90' lang='lat' dir='ltr'>VH</span> <span class='ocrx_word' id='word_1_115' title='bbox 1207 1769 1300 1842; x_wconf 82' lang='grc'>1884)</span> 
     </span>
     <span class='ocr_line' id='line_1_15' title="bbox 150 1858 1299 1950; baseline 0.005 -22"><span class='ocrx_word' id='word_1_116' title='bbox 150 1886 183 1950; x_wconf 89' lang='lat' dir='ltr'>p.</span> <span class='ocrx_word' id='word_1_117' title='bbox 198 1867 274 1930; x_wconf 79' lang='lat'><strong>109:</strong></span> <span class='ocrx_word' id='word_1_118' title='bbox 301 1858 471 1947; x_wconf 77' lang='lat' dir='ltr'>‘Tandem</span> <span class='ocrx_word' id='word_1_119' title='bbox 493 1865 605 1948; x_wconf 90' lang='lat' dir='ltr'>inquit,</span> <span class='ocrx_word' id='word_1_120' title='bbox 628 1884 721 1930; x_wconf 91' lang='lat' dir='ltr'>uerus</span> <span class='ocrx_word' id='word_1_121' title='bbox 737 1863 896 1931; x_wconf 89' lang='lat' dir='ltr'>Athenaei</span> <span class='ocrx_word' id='word_1_122' title='bbox 919 1870 952 1930; x_wconf 92' lang='lat' dir='ltr'>et</span> <span class='ocrx_word' id='word_1_123' title='bbox 973 1867 1130 1947; x_wconf 88' lang='lat' dir='ltr'>genuinus</span> <span class='ocrx_word' id='word_1_124' title='bbox 1151 1867 1222 1933; x_wconf 88' lang='lat' dir='ltr'>fons</span> <span class='ocrx_word' id='word_1_125' title='bbox 1244 1868 1299 1934; x_wconf 90' lang='lat' dir='ltr'>de·</span> 
     </span>
     <span class='ocr_line' id='line_1_16' title="bbox 150 1963 1300 2053; baseline 0.003 -23"><span class='ocrx_word' id='word_1_126' title='bbox 150 1971 253 2033; x_wconf 87' lang='lat' dir='ltr'>tectus</span> <span class='ocrx_word' id='word_1_127' title='bbox 269 1972 330 2032; x_wconf 89' lang='lat' dir='ltr'>est:</span> <span class='ocrx_word' id='word_1_128' title='bbox 349 1972 421 2031; x_wconf 87' lang='lat' dir='ltr'>sunt</span> <span class='ocrx_word' id='word_1_129' title='bbox 436 1963 726 2050; x_wconf 75' lang='grc' dir='ltr'><em>δειπνοσοφισταί,</em></span> <span class='ocrx_word' id='word_1_130' title='bbox 746 1966 774 2031; x_wconf 91' lang='lat' dir='ltr'>si</span> <span class='ocrx_word' id='word_1_131' title='bbox 788 1985 944 2032; x_wconf 91' lang='lat' dir='ltr'>summam</span> <span class='ocrx_word' id='word_1_132' title='bbox 961 1972 1098 2050; x_wconf 83' lang='lat' dir='ltr'>spectas,</span> <span class='ocrx_word' id='word_1_133' title='bbox 1116 1974 1300 2053; x_wconf 87' lang='lat' dir='ltr'>excerpta</span> 
     </span>
     <span class='ocr_line' id='line_1_17' title="bbox 150 2067 1299 2135; baseline 0.003 -3"><span class='ocrx_word' id='word_1_134' title='bbox 150 2067 280 2133; x_wconf 88' lang='lat' dir='ltr'>lexici</span> <span class='ocrx_word' id='word_1_135' title='bbox 301 2067 571 2132; x_wconf 84' lang='lat' dir='ltr'>Fauoriniani</span> <span class='ocrx_word' id='word_1_136' title='bbox 598 2067 630 2130; x_wconf 94' lang='lat' dir='ltr'>in</span> <span class='ocrx_word' id='word_1_137' title='bbox 651 2067 786 2131; x_wconf 88' lang='lat' dir='ltr'>formam</span> <span class='ocrx_word' id='word_1_138' title='bbox 809 2087 991 2132; x_wconf 84' lang='lat' dir='ltr'>sermonum</span> <span class='ocrx_word' id='word_1_139' title='bbox 1014 2067 1229 2133; x_wconf 89' lang='lat' dir='ltr'>conuiualium</span> <span class='ocrx_word' id='word_1_140' title='bbox 1251 2089 1299 2135; x_wconf 92' lang='lat' dir='ltr'>re·</span> 
     </span>
     <span class='ocr_line' id='line_1_18' title="bbox 151 2159 1296 2250; baseline 0.002 -17"><span class='ocrx_word' id='word_1_141' title='bbox 151 2159 271 2235; x_wconf 81' lang='lat' dir='ltr'>dacta&#39;.</span> <span class='ocrx_word' id='word_1_142' title='bbox 317 2168 378 2233; x_wconf 91' lang='lat' dir='ltr'>Hic</span> <span class='ocrx_word' id='word_1_143' title='bbox 406 2169 542 2250; x_wconf 92' lang='lat' dir='ltr'>primum</span> <span class='ocrx_word' id='word_1_144' title='bbox 571 2167 771 2233; x_wconf 90' lang='lat' dir='ltr'>statuendum</span> <span class='ocrx_word' id='word_1_145' title='bbox 795 2173 844 2232; x_wconf 92' lang='lat' dir='ltr'>est</span> <span class='ocrx_word' id='word_1_146' title='bbox 868 2161 1010 2233; x_wconf 84' lang='lat' dir='ltr'>‘lexicon</span> <span class='ocrx_word' id='word_1_147' title='bbox 1031 2160 1296 2235; x_wconf 81' lang='lat' dir='ltr'>Fauorinianum&#39;</span> 
     </span>
     <span class='ocr_line' id='line_1_19' title="bbox 151 2266 1300 2353; baseline -0.003 -16"><span class='ocrx_word' id='word_1_148' title='bbox 151 2269 316 2353; x_wconf 83' lang='lat' dir='ltr'>Rudolphi</span> <span class='ocrx_word' id='word_1_149' title='bbox 346 2290 417 2336; x_wconf 92' lang='lat' dir='ltr'>esse</span> <span class='ocrx_word' id='word_1_150' title='bbox 446 2274 657 2335; x_wconf 90' lang='lat' dir='ltr'>commentum</span> <span class='ocrx_word' id='word_1_151' title='bbox 690 2266 789 2349; x_wconf 88' lang='lat' dir='ltr'>idque</span> <span class='ocrx_word' id='word_1_152' title='bbox 820 2267 1038 2334; x_wconf 77' lang='lat' dir='ltr'>fallacissimis</span> <span class='ocrx_word' id='word_1_153' title='bbox 1067 2269 1126 2332; x_wconf 93' lang='lat' dir='ltr'>niti</span> <span class='ocrx_word' id='word_1_154' title='bbox 1156 2269 1300 2335; x_wconf 87' lang='lat' dir='ltr'>artificiis</span> 
     </span>
     <span class='ocr_line' id='line_1_20' title="bbox 148 2361 1299 2455; baseline -0.003 -18"><span class='ocrx_word' id='word_1_155' title='bbox 148 2373 446 2455; x_wconf 83' lang='lat' dir='ltr'>argumentationis.</span> <span class='ocrx_word' id='word_1_156' title='bbox 485 2369 550 2435; x_wconf 86' lang='lat' dir='ltr'>Sed</span> <span class='ocrx_word' id='word_1_157' title='bbox 566 2371 739 2453; x_wconf 84' lang='lat' dir='ltr'>largiamur</span> <span class='ocrx_word' id='word_1_158' title='bbox 753 2368 926 2451; x_wconf 88' lang='lat' dir='ltr'>Rudolpho</span> <span class='ocrx_word' id='word_1_159' title='bbox 948 2369 1046 2434; x_wconf 84' lang='lat' dir='ltr'>fuisse</span> <span class='ocrx_word' id='word_1_160' title='bbox 1069 2369 1134 2434; x_wconf 89' lang='lat' dir='ltr'>tale</span> <span class='ocrx_word' id='word_1_161' title='bbox 1156 2361 1299 2436; x_wconf 69' lang='lat' dir='ltr'>lexiconr</span> 
     </span>
     <span class='ocr_line' id='line_1_21' title="bbox 149 2461 1372 2554; baseline 0 -18"><span class='ocrx_word' id='word_1_162' title='bbox 149 2474 231 2554; x_wconf 91' lang='lat' dir='ltr'>quid</span> <span class='ocrx_word' id='word_1_163' title='bbox 246 2474 311 2537; x_wconf 92' lang='lat' dir='ltr'>iam</span> <span class='ocrx_word' id='word_1_164' title='bbox 327 2473 368 2537; x_wconf 95' lang='lat' dir='ltr'>de</span> <span class='ocrx_word' id='word_1_165' title='bbox 383 2469 549 2536; x_wconf 89' lang='lat' dir='ltr'>Athenaeo</span> <span class='ocrx_word' id='word_1_166' title='bbox 568 2471 734 2554; x_wconf 81' lang='lat' dir='ltr'>sequitur?</span> <span class='ocrx_word' id='word_1_167' title='bbox 767 2470 845 2536; x_wconf 88' lang='lat' dir='ltr'>Sola</span> <span class='ocrx_word' id='word_1_168' title='bbox 864 2463 1057 2553; x_wconf 89' lang='lat' dir='ltr'>‘argumenti</span> <span class='ocrx_word' id='word_1_169' title='bbox 1076 2461 1299 2554; x_wconf 84' lang='lat' dir='ltr'>aequalitate’,</span> <span class='ocrx_word' id='word_1_170' title='bbox 1368 2484 1372 2491; x_wconf 88' lang='grc'><em>·</em></span> 
     </span>
     <span class='ocr_line' id='line_1_22' title="bbox 151 2570 1298 2655; baseline -0.003 -16"><span class='ocrx_word' id='word_1_171' title='bbox 151 2592 236 2655; x_wconf 91' lang='lat' dir='ltr'>quae</span> <span class='ocrx_word' id='word_1_172' title='bbox 253 2574 334 2638; x_wconf 92' lang='lat' dir='ltr'>inter</span> <span class='ocrx_word' id='word_1_173' title='bbox 349 2570 549 2636; x_wconf 88' lang='lat' dir='ltr'>Athenaeum</span> <span class='ocrx_word' id='word_1_174' title='bbox 566 2580 597 2638; x_wconf 92' lang='lat' dir='ltr'>et</span> <span class='ocrx_word' id='word_1_175' title='bbox 611 2572 804 2639; x_wconf 87' lang='lat' dir='ltr'>Fauorinum</span> <span class='ocrx_word' id='word_1_176' title='bbox 824 2571 1011 2653; x_wconf 88' lang='lat' dir='ltr'>intercedat,</span> <span class='ocrx_word' id='word_1_177' title='bbox 1033 2571 1115 2636; x_wconf 92' lang='lat' dir='ltr'>nihil</span> <span class='ocrx_word' id='word_1_178' title='bbox 1136 2573 1298 2654; x_wconf 89' lang='lat' dir='ltr'>probatur.</span> 
     </span>
     <span class='ocr_line' id='line_1_23' title="bbox 151 2671 1299 2757; baseline -0.004 -17"><span class='ocrx_word' id='word_1_179' title='bbox 151 2675 196 2740; x_wconf 92' lang='lat' dir='ltr'>At</span> <span class='ocrx_word' id='word_1_180' title='bbox 221 2675 390 2757; x_wconf 87' lang='lat' dir='ltr'>Aelianus,</span> <span class='ocrx_word' id='word_1_181' title='bbox 421 2674 475 2755; x_wconf 90' lang='lat' dir='ltr'>qui</span> <span class='ocrx_word' id='word_1_182' title='bbox 504 2691 545 2737; x_wconf 88' lang='lat' dir='ltr'>ex</span> <span class='ocrx_word' id='word_1_183' title='bbox 575 2672 733 2738; x_wconf 81' lang='lat' dir='ltr'>Fauorino</span> <span class='ocrx_word' id='word_1_184' title='bbox 762 2671 883 2754; x_wconf 87' lang='lat' dir='ltr'>pendet</span> <span class='ocrx_word' id='word_1_185' title='bbox 912 2673 979 2735; x_wconf 91' lang='lat' dir='ltr'>fere</span> <span class='ocrx_word' id='word_1_186' title='bbox 1009 2676 1109 2752; x_wconf 90' lang='lat' dir='ltr'>totus,</span> <span class='ocrx_word' id='word_1_187' title='bbox 1139 2671 1299 2736; x_wconf 91' lang='lat' dir='ltr'>interdum</span> 
     </span>
     <span class='ocr_line' id='line_1_24' title="bbox 149 2760 1299 2841; baseline -0.002 -1"><span class='ocrx_word' id='word_1_188' title='bbox 149 2771 259 2841; x_wconf 84' lang='lat' dir='ltr'>‘fontis</span> <span class='ocrx_word' id='word_1_189' title='bbox 282 2775 507 2841; x_wconf 88' lang='lat' dir='ltr'>communitate</span> <span class='ocrx_word' id='word_1_190' title='bbox 530 2792 601 2838; x_wconf 93' lang='lat' dir='ltr'>cum</span> <span class='ocrx_word' id='word_1_191' title='bbox 616 2772 781 2837; x_wconf 88' lang='lat' dir='ltr'>Athenaeo</span> <span class='ocrx_word' id='word_1_192' title='bbox 804 2772 990 2837; x_wconf 90' lang='lat' dir='ltr'>coniunctus</span> <span class='ocrx_word' id='word_1_193' title='bbox 1013 2760 1086 2836; x_wconf 84' lang='lat' dir='ltr'>est’.</span> <span class='ocrx_word' id='word_1_194' title='bbox 1125 2771 1299 2839; x_wconf 91' lang='lat' dir='ltr'>Videamus</span> 
     </span>
     <span class='ocr_line' id='line_1_25' title="bbox 150 2873 642 2958; baseline -0.004 -19"><span class='ocrx_word' id='word_1_195' title='bbox 150 2878 239 2942; x_wconf 92' lang='lat' dir='ltr'>locos</span> <span class='ocrx_word' id='word_1_196' title='bbox 261 2897 282 2940; x_wconf 90' lang='lat' dir='ltr'>a</span> <span class='ocrx_word' id='word_1_197' title='bbox 303 2873 476 2958; x_wconf 92' lang='lat' dir='ltr'>Rudolpho</span> <span class='ocrx_word' id='word_1_198' title='bbox 499 2875 642 2940; x_wconf 90' lang='lat' dir='ltr'>collatos.</span> 
     </span>
    </p>

    <p class='ocr_par' dir='ltr' id='par_1_5' title="bbox 150 2974 1300 3461">
     <span class='ocr_line' id='line_1_26' title="bbox 236 2974 1299 3060; baseline -0.001 -17"><span class='ocrx_word' id='word_1_199' title='bbox 236 2977 311 3043; x_wconf 90' lang='lat' dir='ltr'>Ath.</span> <span class='ocrx_word' id='word_1_200' title='bbox 327 2978 401 3060; x_wconf 87' lang='lat' dir='ltr'>XII,</span> <span class='ocrx_word' id='word_1_201' title='bbox 418 2975 644 3041; x_wconf 73' lang='lat' dir='ltr'>slas-5191)</span> <span class='ocrx_word' id='word_1_202' title='bbox 666 2980 697 3040; x_wconf 89' lang='lat' dir='ltr'>ct</span> <span class='ocrx_word' id='word_1_203' title='bbox 717 2974 787 3039; x_wconf 90' lang='lat' dir='ltr'>Ael.</span> <span class='ocrx_word' id='word_1_204' title='bbox 803 2975 841 3040; x_wconf 89' lang='lat' dir='ltr'>V.</span> <span class='ocrx_word' id='word_1_205' title='bbox 854 2974 893 3038; x_wconf 88' lang='lat' dir='ltr'>H.</span> <span class='ocrx_word' id='word_1_206' title='bbox 910 2974 983 3058; x_wconf 79' lang='lat' dir='ltr'>XII,</span> <span class='ocrx_word' id='word_1_207' title='bbox 998 2978 1037 3038; x_wconf 89' lang='lat'>15</span> <span class='ocrx_word' id='word_1_208' title='bbox 1061 2974 1103 3040; x_wconf 89' lang='lat' dir='ltr'>de</span> <span class='ocrx_word' id='word_1_209' title='bbox 1117 2974 1299 3042; x_wconf 89' lang='lat' dir='ltr'>hominibus</span> 
     </span>
     <span class='ocr_line' id='line_1_27' title="bbox 150 3074 1298 3164; baseline -0.003 -20"><span class='ocrx_word' id='word_1_210' title='bbox 150 3085 257 3146; x_wconf 87' lang='lat' dir='ltr'>aetate</span> <span class='ocrx_word' id='word_1_211' title='bbox 272 3080 433 3164; x_wconf 89' lang='lat' dir='ltr'>prouectis</span> <span class='ocrx_word' id='word_1_212' title='bbox 449 3097 553 3143; x_wconf 91' lang='lat' dir='ltr'>sermo</span> <span class='ocrx_word' id='word_1_213' title='bbox 570 3083 627 3159; x_wconf 91' lang='lat' dir='ltr'>est,</span> <span class='ocrx_word' id='word_1_214' title='bbox 651 3077 704 3158; x_wconf 91' lang='lat' dir='ltr'>qui</span> <span class='ocrx_word' id='word_1_215' title='bbox 726 3096 797 3141; x_wconf 94' lang='lat' dir='ltr'>cum</span> <span class='ocrx_word' id='word_1_216' title='bbox 820 3076 961 3160; x_wconf 86' lang='lat' dir='ltr'>puerulis</span> <span class='ocrx_word' id='word_1_217' title='bbox 982 3074 1095 3141; x_wconf 90' lang='lat' dir='ltr'>ludere</span> <span class='ocrx_word' id='word_1_218' title='bbox 1118 3076 1204 3142; x_wconf 90' lang='lat' dir='ltr'>soliti</span> <span class='ocrx_word' id='word_1_219' title='bbox 1226 3076 1298 3142; x_wconf 88' lang='lat' dir='ltr'>sint.</span> 
     </span>
     <span class='ocr_line' id='line_1_28' title="bbox 152 3176 1300 3260; baseline -0.006 -12"><span class='ocrx_word' id='word_1_220' title='bbox 152 3183 224 3248; x_wconf 92' lang='lat' dir='ltr'>Una</span> <span class='ocrx_word' id='word_1_221' title='bbox 247 3202 287 3247; x_wconf 86' lang='lat' dir='ltr'>ex</span> <span class='ocrx_word' id='word_1_222' title='bbox 311 3180 361 3246; x_wconf 91' lang='lat' dir='ltr'>his</span> <span class='ocrx_word' id='word_1_223' title='bbox 383 3179 617 3246; x_wconf 85' lang='lat' dir='ltr'>narrationibus</span> <span class='ocrx_word' id='word_1_224' title='bbox 645 3179 770 3260; x_wconf 91' lang='lat' dir='ltr'>utrique</span> <span class='ocrx_word' id='word_1_225' title='bbox 793 3179 968 3243; x_wconf 92' lang='lat' dir='ltr'>communis</span> <span class='ocrx_word' id='word_1_226' title='bbox 998 3182 1063 3260; x_wconf 90' lang='lat' dir='ltr'>est,</span> <span class='ocrx_word' id='word_1_227' title='bbox 1092 3176 1134 3242; x_wconf 90' lang='lat' dir='ltr'>de</span> <span class='ocrx_word' id='word_1_228' title='bbox 1155 3176 1300 3257; x_wconf 82' lang='lat' dir='ltr'>Archyta</span> 
     </span>
     <span class='ocr_line' id='line_1_29' title="bbox 152 3276 1299 3360; baseline -0.005 -12"><span class='ocrx_word' id='word_1_229' title='bbox 152 3285 208 3348; x_wconf 89' lang='lat' dir='ltr'>illa</span> <span class='ocrx_word' id='word_1_230' title='bbox 224 3284 407 3349; x_wconf 86' lang='lat' dir='ltr'>Tarentino.</span> <span class='ocrx_word' id='word_1_231' title='bbox 445 3282 537 3347; x_wconf 90' lang='lat' dir='ltr'>Hanc</span> <span class='ocrx_word' id='word_1_232' title='bbox 559 3300 636 3346; x_wconf 93' lang='lat' dir='ltr'>uero</span> <span class='ocrx_word' id='word_1_233' title='bbox 654 3279 818 3360; x_wconf 84' lang='lat' dir='ltr'>Aelianus,</span> <span class='ocrx_word' id='word_1_234' title='bbox 842 3279 896 3359; x_wconf 88' lang='lat' dir='ltr'>qui</span> <span class='ocrx_word' id='word_1_235' title='bbox 919 3297 983 3342; x_wconf 94' lang='lat' dir='ltr'>non</span> <span class='ocrx_word' id='word_1_236' title='bbox 1004 3276 1102 3342; x_wconf 93' lang='lat' dir='ltr'>modo</span> <span class='ocrx_word' id='word_1_237' title='bbox 1124 3277 1204 3341; x_wconf 89' lang='lat' dir='ltr'>alibi</span> <span class='ocrx_word' id='word_1_238' title='bbox 1225 3296 1299 3358; x_wconf 92' lang='lat' dir='ltr'>pas·</span> 
     </span>
     <span class='ocr_line' id='line_1_30' title="bbox 152 3375 1299 3461; baseline -0.008 -11"><span class='ocrx_word' id='word_1_239' title='bbox 152 3386 212 3450; x_wconf 92' lang='lat' dir='ltr'>sim</span> <span class='ocrx_word' id='word_1_240' title='bbox 232 3384 434 3449; x_wconf 89' lang='lat' dir='ltr'>Athenaeum</span> <span class='ocrx_word' id='word_1_241' title='bbox 456 3382 608 3448; x_wconf 83' lang='lat' dir='ltr'>describit</span> <span class='ocrx_word' id='word_1_242' title='bbox 630 3381 687 3446; x_wconf 90' lang='lat' dir='ltr'>sed</span> <span class='ocrx_word' id='word_1_243' title='bbox 711 3381 808 3444; x_wconf 88' lang='lat' dir='ltr'>etiam</span> <span class='ocrx_word' id='word_1_244' title='bbox 830 3379 863 3442; x_wconf 92' lang='lat' dir='ltr'>in</span> <span class='ocrx_word' id='word_1_245' title='bbox 884 3379 955 3461; x_wconf 92' lang='lat' dir='ltr'>ipso</span> <span class='ocrx_word' id='word_1_246' title='bbox 976 3378 1060 3443; x_wconf 91' lang='lat' dir='ltr'>libro</span> <span class='ocrx_word' id='word_1_247' title='bbox 1082 3377 1146 3441; x_wconf 92' lang='lat' dir='ltr'>XII</span> <span class='ocrx_word' id='word_1_248' title='bbox 1169 3395 1210 3441; x_wconf 86' lang='lat' dir='ltr'>ex</span> <span class='ocrx_word' id='word_1_249' title='bbox 1233 3375 1299 3442; x_wconf 93' lang='lat' dir='ltr'>dei-</span> 
     </span>
    </p>
   </div>
   <div class='ocr_carea' id='block_1_4' title="bbox 152 3478 1434 3570">
    <p class='ocr_par' dir='ltr' id='par_1_6' title="bbox 152 3478 1434 3570">
     <span class='ocr_line' id='line_1_31' title="bbox 152 3478 1434 3570; baseline -0.004 -18"><span class='ocrx_word' id='word_1_250' title='bbox 152 3507 241 3570; x_wconf 88' lang='lat' dir='ltr'>pnos.</span> <span class='ocrx_word' id='word_1_251' title='bbox 271 3487 353 3550; x_wconf 92' lang='lat' dir='ltr'>libro</span> <span class='ocrx_word' id='word_1_252' title='bbox 376 3484 441 3548; x_wconf 89' lang='lat' dir='ltr'>XII</span> <span class='ocrx_word' id='word_1_253' title='bbox 468 3503 499 3566; x_wconf 95' lang='lat' dir='ltr'>p.</span> <span class='ocrx_word' id='word_1_254' title='bbox 513 3483 627 3548; x_wconf 80' lang='lat' dir='ltr'>541bc</span> <span class='ocrx_word' id='word_1_255' title='bbox 656 3480 762 3546; x_wconf 90' lang='lat' dir='ltr'>hausit</span> <span class='ocrx_word' id='word_1_256' title='bbox 790 3479 878 3557; x_wconf 89' lang='lat' dir='ltr'>(uide</span> <span class='ocrx_word' id='word_1_257' title='bbox 902 3478 985 3544; x_wconf 89' lang='lat' dir='ltr'>Rud.</span> <span class='ocrx_word' id='word_1_258' title='bbox 1007 3500 1039 3565; x_wconf 91' lang='lat' dir='ltr'>p.</span> <span class='ocrx_word' id='word_1_259' title='bbox 1055 3481 1122 3562; x_wconf 86' lang='grc'>14),</span> <span class='ocrx_word' id='word_1_260' title='bbox 1152 3498 1208 3544; x_wconf 92' lang='lat' dir='ltr'>cur</span> <span class='ocrx_word' id='word_1_261' title='bbox 1236 3498 1300 3544; x_wconf 91' lang='lat' dir='ltr'>non</span> <span class='ocrx_word' id='word_1_262' title='bbox 1431 3542 1434 3547; x_wconf 89' lang='lat'>.</span> 
     </span>
    </p>
   </div>
   <div class='ocr_carea' id='block_1_5' title="bbox 152 3579 1299 3666">
    <p class='ocr_par' dir='ltr' id='par_1_7' title="bbox 152 3579 1299 3666">
     <span class='ocr_line' id='line_1_32' title="bbox 152 3579 1299 3666; baseline -0.01 -13"><span class='ocrx_word' id='word_1_263' title='bbox 152 3588 269 3653; x_wconf 89' lang='lat' dir='ltr'>debeat</span> <span class='ocrx_word' id='word_1_264' title='bbox 283 3586 500 3666; x_wconf 86' lang='lat' dir='ltr'>Naucratitae,</span> <span class='ocrx_word' id='word_1_265' title='bbox 523 3603 585 3649; x_wconf 90' lang='lat' dir='ltr'>non</span> <span class='ocrx_word' id='word_1_266' title='bbox 600 3581 707 3664; x_wconf 87' lang='lat' dir='ltr'>uideo,</span> <span class='ocrx_word' id='word_1_267' title='bbox 729 3580 916 3664; x_wconf 89' lang='lat' dir='ltr'>praesertim</span> <span class='ocrx_word' id='word_1_268' title='bbox 933 3579 1062 3646; x_wconf 88' lang='lat' dir='ltr'>eumad</span> <span class='ocrx_word' id='word_1_269' title='bbox 1078 3581 1211 3646; x_wconf 88' lang='lat' dir='ltr'>uerbum</span> <span class='ocrx_word' id='word_1_270' title='bbox 1232 3579 1299 3644; x_wconf 89' lang='lat' dir='ltr'>fere</span> 
     </span>
    </p>
   </div>
   <div class='ocr_carea' id='block_1_6' title="bbox 152 3695 1300 3870">
    <p class='ocr_par' dir='ltr' id='par_1_8' title="bbox 152 3695 1300 3870">
     <span class='ocr_line' id='line_1_33' title="bbox 152 3695 336 3772; baseline -0.016 -18"><span class='ocrx_word' id='word_1_271' title='bbox 152 3695 336 3772; x_wconf 88' lang='lat' dir='ltr'>congruant.</span> 
     </span>
     <span class='ocr_line' id='line_1_34' title="bbox 236 3779 1300 3870; baseline -0.009 -16"><span class='ocrx_word' id='word_1_272' title='bbox 236 3787 344 3854; x_wconf 94' lang='lat' dir='ltr'>Ath.I</span> <span class='ocrx_word' id='word_1_273' title='bbox 365 3788 577 3870; x_wconf 80' lang='lat' dir='ltr'>p.10a.28e.</span> <span class='ocrx_word' id='word_1_274' title='bbox 595 3786 671 3851; x_wconf 86' lang='lat' dir='ltr'>31b.</span> <span class='ocrx_word' id='word_1_275' title='bbox 690 3788 728 3849; x_wconf 84' lang='lat'>32</span> <span class='ocrx_word' id='word_1_276' title='bbox 736 3784 819 3850; x_wconf 88' lang='lat' dir='ltr'>b—e</span> <span class='ocrx_word' id='word_1_277' title='bbox 842 3785 918 3849; x_wconf 92' lang='lat' dir='ltr'>uina</span> <span class='ocrx_word' id='word_1_278' title='bbox 932 3783 1024 3847; x_wconf 87' lang='lat' dir='ltr'>uaria</span> <span class='ocrx_word' id='word_1_279' title='bbox 1045 3784 1198 3860; x_wconf 89' lang='lat' dir='ltr'>recenset,</span> <span class='ocrx_word' id='word_1_280' title='bbox 1222 3779 1300 3844; x_wconf 90' lang='lat' dir='ltr'>item</span> 
     </span>
    </p>
   </div>
   <div class='ocr_carea' id='block_1_7' title="bbox 151 3877 1301 3971">
    <p class='ocr_par' dir='ltr' id='par_1_9' title="bbox 151 3877 1301 3971">
     <span class='ocr_line' id='line_1_35' title="bbox 151 3877 1301 3971; baseline -0.011 -15"><span class='ocrx_word' id='word_1_281' title='bbox 151 3892 222 3958; x_wconf 91' lang='lat' dir='ltr'>Ael.</span> <span class='ocrx_word' id='word_1_282' title='bbox 240 3890 276 3955; x_wconf 90' lang='lat' dir='ltr'>V.</span> <span class='ocrx_word' id='word_1_283' title='bbox 293 3889 333 3953; x_wconf 91' lang='lat' dir='ltr'>H.</span> <span class='ocrx_word' id='word_1_284' title='bbox 349 3888 422 3971; x_wconf 88' lang='lat' dir='ltr'>XII,</span> <span class='ocrx_word' id='word_1_285' title='bbox 439 3890 489 3953; x_wconf 87' lang='lat'>31.</span> <span class='ocrx_word' id='word_1_286' title='bbox 534 3889 584 3953; x_wconf 92' lang='lat' dir='ltr'>De</span> <span class='ocrx_word' id='word_1_287' title='bbox 607 3885 765 3953; x_wconf 93' lang='lat' dir='ltr'>communi</span> <span class='ocrx_word' id='word_1_288' title='bbox 786 3884 873 3950; x_wconf 89' lang='lat' dir='ltr'>fonte</span> <span class='ocrx_word' id='word_1_289' title='bbox 900 3881 1041 3948; x_wconf 90' lang='lat' dir='ltr'>dubitari</span> <span class='ocrx_word' id='word_1_290' title='bbox 1070 3879 1189 3961; x_wconf 90' lang='lat' dir='ltr'>nequit.</span> <span class='ocrx_word' id='word_1_291' title='bbox 1234 3877 1301 3945; x_wconf 87' lang='lat' dir='ltr'>Sed</span> 
     </span>
    </p>
   </div>
   <div class='ocr_carea' id='block_1_8' title="bbox 150 3993 355 4002">
    <p class='ocr_par' dir='ltr' id='par_1_10' title="bbox 150 3993 355 4002">
     <span class='ocr_line' id='line_1_36' title="bbox 150 3993 355 4002; baseline -0.01 0"><span class='ocrx_word' id='word_1_292' title='bbox 150 3993 355 4002; x_wconf 78' lang='grc'><em>.-.--</em></span> 
     </span>
    </p>
   </div>
   <div class='ocr_carea' id='block_1_9' title="bbox 239 4031 882 4105">
    <p class='ocr_par' dir='ltr' id='par_1_11' title="bbox 239 4031 882 4105">
     <span class='ocr_line' id='line_1_37' title="bbox 239 4031 882 4105; baseline -0.009 -14"><span class='ocrx_word' id='word_1_293' title='bbox 239 4044 262 4105; x_wconf 89' lang='grc'>1)</span> <span class='ocrx_word' id='word_1_294' title='bbox 279 4038 426 4091; x_wconf 87' lang='lat' dir='ltr'>Praeterea</span> <span class='ocrx_word' id='word_1_295' title='bbox 442 4035 504 4090; x_wconf 88' lang='lat' dir='ltr'>uida</span> <span class='ocrx_word' id='word_1_296' title='bbox 521 4036 585 4090; x_wconf 88' lang='lat' dir='ltr'>diss.</span> <span class='ocrx_word' id='word_1_297' title='bbox 599 4038 684 4089; x_wconf 90' lang='lat' dir='ltr'>nostr.</span> <span class='ocrx_word' id='word_1_298' title='bbox 703 4031 819 4103; x_wconf 86' lang='lat' dir='ltr'>append.</span> <span class='ocrx_word' id='word_1_299' title='bbox 832 4031 882 4086; x_wconf 86' lang='grc' dir='ltr'>ΠΙ.</span> 
     </span>
    </p>
   </div>
   <div class='ocr_carea' id='block_1_10' title="bbox 0 0 1464 4748">
    <p class='ocr_par' dir='ltr' id='par_1_12' title="bbox 0 0 1464 4748">
     <span class='ocr_line' id='line_1_38' title="bbox 0 0 1464 4748; baseline 0 0"><span class='ocrx_word' id='word_1_300' title='bbox 0 0 1464 4748; x_wconf 95' lang='lat' dir='ltr'> </span> 
     </span>
    </p>
   </div>
  </div>
 </body>
</html>
