2918 4748
183 351 228 408 De
244 351 365 408 lontibus
384 351 481 422 quibus
499 352 656 408 Athenaeus
673 353 703 408 in
720 354 802 409 rebus
819 369 889 412 mus.
907 354 957 425 lyr.
977 370 1064 413 enarr.
1084 373 1149 414 usus
1167 359 1211 415 sit.
1242 361 1304 421 149

226 525 251 589 Ι.
282 522 526 608 Tryphoniana:
549 492 594 590 IV
609 527 823 609 capus-se.
845 527 1050 611 XIV,10.11.
1067 530 1304 598 med—27.

207 626 249 691 II.
280 625 495 708 Protreptioa:
524 626 579 709 IV,
595 629 645 691 84.
675 626 761 710 XIV,
777 629 993 695 18—28med.
1011 633 1147 696 31-33.

191 727 250 792 III.
280 726 475 792 Aristoolea:
511 727 541 810 I,
559 730 693 791 37-40.
732 728 819 810 XIV,
838 731 972 794 12-17.
997 733 1131 796 28-30.
1163 737 1299 800 42-43.

282 827 334 893 his
357 833 508 910 cognata:
538 828 610 911 XV,
627 831 763 893 53-56.

195 930 250 995 IV.
281 929 458 1012 Didymea:
488 929 575 1014 XIV,
592 932 621 994 9.
638 933 774 994 34-41.
804 931 875 1016 XV,
893 934 1028 996 ‹ie-52.
1053 935 1188 999 62-63.

213 1032 251 1097 V.
281 1031 387 1114 Mimi,
410 1051 539 1096 seurrae
562 1037 636 1097 ete:
666 1032 691 1114 I,
708 1034 844 1096 34-35.
875 1033 962 1115 XIV,
979 1036 1071 1098 2-6.

195 1132 250 1199 VI.
282 1129 515 1217 opotpromsq':
544 1133 834 1216 1,25-2e.1uba.
857 1134 1039 1217 Didymus?

235 1250 373 1334 Saepius
388 1250 481 1316 nobis
497 1255 566 1315 orta
588 1256 682 1315 aucta
705 1249 891 1317 confirmata
913 1257 961 1318 est
983 1254 1123 1335 suspicio
1147 1252 1228 1320 haee
1251 1276 1301 1321 ea-

149 1354 219 1436 pita
238 1353 392 1435 pleraque
409 1352 473 1415 iam
489 1356 563 1416 ante
578 1349 779 1416 Athenaeum
796 1353 963 1417 eoniunota
979 1353 1140 1419 exstitisse
1156 1354 1188 1418 in
1204 1375 1301 1439 opere

150 1454 290 1536 quodam
305 1454 428 1519 musioo
444 1453 611 1536 ampliore.
648 1452 776 1518 Etenim
797 1458 832 1518 ut
847 1451 1078 1536 Tryphoniana
1100 1473 1300 1540 reponemus,

149 1554 313 1639 Didymea
333 1574 460 1637 semper
482 1574 554 1620 eum
577 1553 718 1620 secunda
740 1560 772 1619 et
794 1555 888 1619 tertia
911 1573 1006 1636 quam
1028 1557 1196 1622 statuimus
1218 1558 1302 1625 serie

149 1659 198 1724 sie
211 1657 392 1722 inuenimus
408 1675 542 1738 conexa,
566 1662 602 1721 ut
623 1655 664 1720 de
688 1657 847 1721 eommuni
869 1656 991 1738 origine
1013 1657 1070 1723 uix
1093 1664 1191 1740 queat
1210 1657 1302 1725 dubi·

149 1760 253 1833 tari1).
293 1757 382 1823 Idem
407 1759 495 1822 ualet
518 1756 558 1823 de
580 1757 662 1823 serie
684 1757 831 1838 quintae.
869 1756 1006 1822 Aooedit
1029 1758 1115 1840 quod
1136 1759 1211 1827 talis
1227 1779 1301 1826 auo·

148 1862 244 1942 toris,
274 1861 329 1942 qui
351 1858 529 1924 intercedat
550 1860 632 1924 inter
652 1858 853 1924 Athenaeum
877 1863 908 1923 et
930 1859 1156 1924 Aristoxenum
1179 1859 1301 1926 Aristo-

148 1963 231 2028 olem
246 1960 433 2044 Didymum,
449 1961 482 2024 in
496 1979 687 2041 unaquaque
703 1961 785 2025 serie
801 1960 981 2025 inuenimus
993 1960 1132 2042 uestigia
1144 1963 1301 2045 (exeeptis

149 2063 389 2148 Tryphonianis
412 2061 599 2145 eapitibuslz
629 2060 705 2125 uide
727 2060 804 2126 diss.
820 2066 916 2127 nostr.
940 2082 971 2145 p.
989 2063 1084 2144 eosq.
1108 2062 1300 2147 (Bathyllus,

149 2164 333 2247 Seleucus),
372 2183 403 2247 p.
424 2167 479 2226 lot
495 2183 542 2246 sq.
574 2158 777 2244 (ὄιονασιακὴ
808 2165 981 2247 πυρρίχη),
1016 2184 1047 2246 p.
1065 2165 1125 2227 105
1156 2162 1302 2238 (Caesius

150 2266 298 2348 Bassus),
322 2285 353 2348 p.
369 2268 428 2329 106
438 2285 484 2347 sq.
508 2262 731 2344 (Pythagoras.
765 2262 805 2327 of.
820 2284 851 2345 p.
867 2265 926 2326 139
935 2265 1005 2345 sq).

236 2365 326 2445 Quae
342 2367 480 2448 uestigia
502 2366 530 2430 si
551 2365 645 2428 unius
669 2361 877 2445 eiusdemque
899 2369 972 2429 sunt
994 2364 1159 2447 scriptoris
1177 2365 1300 2448 musioi,

150 2469 234 2533 uixit
260 2468 289 2532 is
318 2473 391 2549 post
421 2463 607 2547 Bathyllum
635 2483 674 2529 ao
703 2461 851 2529 Caesium
881 2464 1016 2531 Bassum
1047 2465 1166 2547 ploque
1195 2467 1300 2530 animo

151 2569 251 2635 coluit
266 2566 494 2650 Pythagoram.
528 2565 641 2630 Talem
664 2585 740 2631 uero
763 2585 798 2630 se
820 2567 954 2649 praebet
976 2567 1059 2631 ultro
1076 2567 1301 2648 quaerentibus

151 2675 313 2745 Dionysius
334 2671 630 2730 Halicarnassensist
653 2666 728 2731 uide
750 2666 863 2731 Rossb.
880 2670 912 2730 et
926 2664 1071 2748 Westph.
1088 2666 1113 2747 I,
1127 2669 1146 2727 2
1169 2670 1300 2747 §lsqq

149 2794 181 2855 p.
199 2776 249 2834 75.
267 2772 316 2834 84.
365 2770 434 2834 Iam
464 2787 616 2850 compara
645 2785 717 2831 eum
746 2764 906 2831 Athenaei
937 2765 1077 2848 capitum
1107 2766 1300 2830 musicorum

151 2872 346 2955 argumentis
376 2870 515 2935 indicem
547 2868 706 2951 epitomae
731 2864 886 2932 Rufianae
914 2865 1001 2949 apud
1024 2864 1117 2931 Phot.
1140 2866 1211 2931 eod.
1227 2868 1302 2931 161:

151 2993 257 3038 nonne
273 2973 387 3037 mirum
402 2972 494 3053 foret,
516 2970 543 3035 si
558 2968 689 3035 aliunde
704 2989 762 3035 sua
776 2969 945 3050 petiuisset
959 2967 1170 3034 Athenaeus?
1201 2968 1301 3034 Porro

152 3075 334 3140 memineris
358 3092 483 3155 eorum,
515 3090 596 3154 quae
620 3070 660 3136 de
684 3068 784 3135 Suida
807 3070 964 3152 Dionysio
987 3068 1196 3136 Menaechmo
1219 3069 1301 3135 dixi-

152 3197 220 3243 mus
243 3195 274 3258 p.
290 3178 360 3239 134.
403 3174 509 3256 Atque
539 3172 697 3255 cumeis,
728 3190 810 3253 quae
832 3170 907 3235 Ath.
930 3172 945 3234 Ι
967 3191 998 3255 p.
1016 3172 1086 3236 eod
1113 3171 1154 3238 de
1176 3172 1301 3256 Pylade

151 3280 303 3345 saltatore
325 3281 432 3341 narrat
461 3274 547 3352 (uide
572 3274 647 3339 diss.
669 3278 765 3339 nostr.
788 3292 820 3354 p.
833 3275 873 3334 97
897 3292 968 3336 oum
990 3274 1078 3349 nota)
1106 3273 1145 3337 of.
1168 3272 1301 3338 Suidam

152 3400 176 3446 s.
193 3399 222 3444 n.
246 3374 422 3462 Πυλάδης·
451 3372 553 3450 Κίλιξ
580 3365 648 3437 ἀπὸ
677 3371 789 3458 κώμης
811 3373 1040 3458 Μησταρνιῦν,
1070 3368 1197 3455 ἔγραψε
1222 3372 1300 3457 περὶ

152 3471 317 3564 ὀρχήσεως
340 3479 399 3562 τῆς
417 3468 590 3560 Ἰταλικῆς,
620 3465 693 3556 ἥτις
714 3474 768 3538 καὶ
792 3465 852 3537 ὑπ’
876 3465 977 3538 αὐτοῦ
1006 3468 1126 3560 εὑρέθη
1151 3465 1219 3539 ἀπὸ
1243 3476 1302 3559 τῆς

151 3583 295 3665 κωμικῆς
326 3571 508 3664 ὀρχήσεως,
541 3573 560 3658 ἢ
592 3571 740 3639 ἐκαλεῖτο
771 3571 907 3660 κόρδαξ,
942 3576 996 3640 καὶ
1027 3577 1086 3662 τῆς
1116 3577 1301 3659 σατυρικῆς,

151 3674 224 3768 ἥτις
255 3679 412 3763 ἐμμέλεια
443 3682 599 3760 (extrema
621 3681 694 3743 sunt
715 3677 855 3756 mutilal:
885 3678 981 3744 facile
1003 3679 1117 3761 opinor
1144 3676 1303 3743 consedes

153 3785 234 3851 haee
249 3804 312 3849 non
328 3802 369 3847 ex
384 3782 481 3865 pleno
496 3779 656 3846 Athenaei
677 3779 760 3845 libro
783 3779 841 3846 sed
861 3798 903 3845 ex
918 3780 990 3861 ipsa
1011 3779 1152 3861 μουσικῇ
1168 3775 1301 3861 ἱστορίᾳ

240 4004 263 4066 1)
280 3998 349 4054 Vide
366 3996 431 4051 diss.
442 3998 527 4049 nostr.
546 4010 572 4062 p.
583 3998 647 4061 glle.
661 3997 717 4048 134.
730 3997 787 4047 141.
799 3996 856 4046 141.
870 3996 926 4046 148.

239 4088 264 4150 ‘ll
281 4082 352 4137 Vide
369 4081 434 4136 diss.
444 4081 529 4134 nostr.
547 4093 574 4146 p.
590 4082 648 4134 141.
