2918 4748
189 324 233 380 De
251 322 375 380 fontibus
393 323 491 392 quihus
509 323 665 380 Athenaeus
682 325 710 379 in
727 323 808 380 rebus
826 340 896 381 mus.
915 325 964 396 lyr.
983 340 1072 384 enarr.
1090 343 1157 383 usus
1175 329 1217 384 sit.
1248 329 1310 389 113

149 501 303 582 poterant
332 497 405 563 aliis
431 496 501 561 uti?
546 494 682 563 Omnino
711 516 774 562 non
804 504 891 564 recte
912 497 1027 566 Rohde
1057 500 1145 566 istud
1165 501 1309 569 Pollucis

152 597 372 666 testimonium
394 598 552 664 tractauit.
589 597 740 681 Legimus
764 598 864 664 enim:
887 595 1023 685 ψιθὺρα
1043 597 1081 666 τὸ
1102 600 1164 682 μὲν
1183 595 1309 691 εὕρημα

148 695 316 780 Λιβυκόν,
337 695 485 780 μάλιστα
501 696 537 762 δὲ
553 696 806 785 Τρωγλοδυτῶν.
840 700 903 766 Hic
917 701 983 784 ille,
1002 703 1079 784 quia
1093 703 1213 789 Libyes
1229 706 1308 774 Tro·

148 799 309 884 glodytae
330 821 394 866 non
416 801 483 868 noti
505 801 578 885 sint,
601 801 747 884 corrigit:
776 800 903 882 μᾶλλον
927 799 962 866 δὲ
987 802 1240 890 Τρωγλοδυτῶν,
1262 806 1310 876 ‘ut

149 901 299 968 diuersas
323 902 490 973 doctorum
517 902 682 968 hominum
705 904 881 970 sententias
904 903 1063 988 disceptet
1084 898 1228 973 Pollux'.
1265 909 1309 974 At

151 1002 233 1068 mihi
256 1006 345 1069 recta
366 1004 430 1070 loci
452 1005 673 1088 interpretatio
696 1003 778 1071 haec
800 1024 864 1070 una
886 1004 1013 1072 uidetur
1035 1026 1121 1074 esse:
1148 1001 1309 1094 ‘psithyra

151 1106 285 1170 inuenta
306 1105 364 1171 illa
386 1104 516 1187 quidem
539 1111 588 1171 est
609 1126 630 1170 a
650 1106 810 1190 Libyhus,
833 1107 974 1172 maxime
996 1114 1103 1174 autem
1127 1110 1308 1193 Troglody-

151 1211 257 1270 tarum
281 1196 357 1289 est’,
380 1207 401 1271 i.
420 1225 447 1272 e.
463 1206 734 1290 Troglodytarum
756 1209 929 1291 proprium,
953 1208 987 1273 in
1009 1228 1068 1274 usu
1090 1209 1177 1294 apud
1192 1211 1246 1276 Tr.
1267 1243 1309 1256 -·

153 1306 278 1372 Eodem
304 1307 400 1374 modo
429 1308 542 1391 opinor
569 1308 716 1392 pandura
741 1308 944 1392 Assyriorum
974 1310 1138 1375 inuentum
1165 1318 1198 1376 et
1225 1331 1308 1377 sam·

152 1409 238 1475 buca
252 1429 274 1473 a
288 1409 389 1493 Lydis
404 1410 540 1476 fortasse
555 1410 739 1492 excogitata
759 1409 847 1492 apud
862 1409 1078 1493 Troglodytas
1101 1412 1134 1476 in
1155 1432 1216 1478 usu
1237 1430 1308 1479 esse

152 1516 325 1593 potuerunt
338 1514 368 1588 ¹).
412 1510 479 1577 Sed
506 1511 633 1578 etiamsi
662 1511 824 1576 inuentam
854 1531 924 1577 esse
946 1532 967 1575 a
988 1511 1196 1595 Troglodytis
1225 1533 1308 1580 sam-

154 1611 272 1678 bucam
295 1612 436 1679 traderet
456 1633 491 1679 re
514 1632 593 1679 uera
614 1610 801 1679 Athenaeus
824 1613 877 1677 uel
898 1612 1006 1697 potius
1028 1612 1240 1696 Pythagoras,
1266 1615 1308 1682 ab
1334 1669 1337 1676 .

119 1703 124 1712 ’
152 1714 242 1778 omni
265 1714 500 1799 uituperatione
523 1714 611 1780 idem
633 1712 856 1780 defendendus
879 1719 979 1780 esset:
1003 1713 1082 1795 quid
1104 1713 1189 1795 quod
1206 1714 1307 1782 (ilem.

152 1813 248 1879 Alex.
274 1815 427 1881 Strom.1
455 1836 525 1899 cap.
540 1819 579 1879 16
608 1816 642 1880 in
672 1816 819 1898 catalogo
852 1814 910 1880 illo
942 1815 1177 1880 inuentionum:
1211 1813 1310 1880 οἵτε

157 1913 404 1998 Τρωγλοδύται,
426 1918 539 1998 inquit,
563 1913 732 2002 σαμβύκην
755 1907 850 1999 εὗρον
866 1907 1007 1997 ὄργανον
1029 1911 1212 1995 panetaria?
1247 1915 1310 1994 Qui

152 2018 297 2100 optimos
324 2017 428 2082 fontes
455 2015 568 2081 laudat
597 2011 755 2101 εὑρέσεων
778 2017 950 2100 scriptores
973 2015 1166 2082 Scamonem
1186 2018 1309 2083 Aristo-

152 2118 255 2183 telem
271 2116 531 2201 Theophrastum
547 2115 833 2200 Philostephanum
855 2118 1038 2184 Stratonem
1059 2118 1141 2184 alios
1165 2117 1310 2197 (eosdem

152 2221 226 2285 fere
249 2219 364 2302 quibus
386 2219 484 2283 utitur
506 2219 588 2284 Plin.
604 2218 645 2284 N.
662 2217 702 2282 Η.
718 2217 789 2302 VII,
802 2220 865 2298 34).
901 2219 1054 2284 Iniuriam
1077 2219 1175 2301 igitur
1194 2218 1310 2285 Rohde

153 2323 234 2389 fecit
255 2320 423 2386 Athenaeo
445 2321 478 2385 in
501 2327 609 2405 turpes
633 2339 756 2386 errores
780 2339 852 2386 eum
877 2320 1028 2387 incidisse
1052 2320 1204 2387 clamans.

241 2422 356 2504 Neque
372 2422 442 2488 iure
458 2422 545 2488 idem
559 2420 738 2507 sophistam
761 2443 792 2504 p.
805 2422 892 2486 6364
910 2441 952 2488 ex
974 2423 1044 2506 ipso
1059 2422 1140 2488 Iuba
1163 2420 1310 2489 hausisse

155 2525 275 2591 conicit
296 2528 429 2607 propter
449 2522 590 2607 Hesych.
614 2544 639 2589 6.
656 2544 686 2589 u.
709 2519 876 2608 σαμβύκη·
903 2515 941 2588 or’r
964 2511 1127 2604 μόνοντὰ
1150 2520 1310 2605 μουσικὸν

155 2619 306 2711 ὄργανον,
331 2616 369 2689 οὗ
391 2627 554 2712 proprepant
572 2616 699 2707 Ἰόβας·
723 2617 882 2688 ἀλλὰκαὶ
905 2622 1169 2709 πολιορκητικόν,
1193 2617 1231 2688 οὗ
1248 2628 1311 2688 Βί-

155 2751 222 2792 των
238 2754 299 2808 -,·
321 2726 406 2793 unde
429 2733 530 2793 totum
552 2725 613 2792 hoo
631 2725 793 2790 Athenaei
817 2730 913 2806 caput
934 2725 1056 2789 auctori
1078 2725 1176 2789 alicui
1199 2724 1310 2790 deberi

156 2834 301 2914 apparet,
324 2829 380 2911 qui
403 2834 435 2893 et
456 2828 537 2892 Iuba
561 2832 592 2891 et
614 2826 729 2890 Bitone
751 2844 827 2890 usus
849 2825 891 2890 sit
902 2827 934 2900 2).
972 2824 1054 2890 Iuba
1074 2824 1171 2907 igitur
1193 2845 1233 2890 ne
1256 2823 1311 2891 hic

157 2931 289 3013 quidem
310 2931 353 2996 ab
375 2929 543 2995 Athenaeo
566 2928 637 3012 ipse
660 2927 822 3010 inspectus
846 2929 903 2992 est.

240 3032 427 3098 Aristoxeni
442 3030 621 3096 doctrinam
643 3047 799 3112 agnosces
822 3027 855 3092 in
871 3026 1110 3093 enumeratione
1132 3027 1231 3093 tibiae
1253 3046 1310 3111 ge·

158 3152 268 3199 nerum
290 3133 419 3216 pillis
437 3133 582 3198 instituta
604 3132 676 3197 coll.
699 3151 731 3214 p.
745 3131 842 3194 634e.
879 3128 1051 3212 Superiora
1074 3129 1146 3195 loeo
1168 3128 1310 3204 τελείοις

157 3239 191 3299 et
212 3227 441 3319 irrequietum
462 3233 609 3300 additum
632 3238 680 3298 est
701 3249 817 3296 nomen
839 3230 951 3295 ambos
974 3230 1199 3311 complectens,
1223 3226 1310 3310 quod

157 3340 208 3401 est
231 3325 389 3420 ἀνδρεῖοι.
434 3335 513 3401 Oum
537 3334 587 3400 his
609 3332 769 3398 Athenaei
797 3331 877 3396 locis
900 3327 1139 3411 comparandus·
1157 3334 1205 3394 est
1227 3329 1309 3394 Poll.

159 3438 214 3523 IV,
232 3440 375 3520 80-82,
405 3438 460 3519 qui
486 3434 623 3502 eandem
645 3433 823 3499 doctrinam
851 3431 909 3498 sed
937 3431 1102 3512 aliquanto
1129 3429 1309 3496 uberiorem

159 3539 332 3623 profundit.
378 3536 481 3615 Quem
509 3535 706 3602 simillimum
734 3534 855 3598 iontem
884 3530 975 3614 sequi
1006 3534 1038 3595 et
1066 3549 1107 3596 ex
1136 3529 1310 3595 eorundem

159 3660 314 3723 generum
336 3639 618 3704 Aristoxeneorum
646 3636 809 3701 mentione
832 3638 864 3699 et
886 3632 1027 3698 maxime
1055 3631 1131 3697 inde
1160 3631 1309 3712 cemitnr,

156 3742 248 3824 quod
278 3761 361 3824 quae
390 3737 477 3822 apud
505 3736 705 3804 Athenaeum
738 3741 907 3821 praeterea
936 3739 1151 3800 memorantur
1179 3750 1309 3814 genera,

160 3850 363 3860 ..ρ’-

246 3894 273 4039 {A
290 3888 491 4026 (SJAmIiru‘hAinbet
502 3987 631 4039 organum
648 3968 780 4024 musicum
798 3972 825 4022 et
842 3966 992 4021 machinam
1005 3964 1104 4015 Festus
1117 3976 1223 4030 quoque
1236 3976 1309 4017 com-

161 4061 293 4112 memorat
309 4074 336 4126 p.
347 4059 404 4110 324.
442 4054 483 4108 cf.
502 4055 576 4109 Suid.

213 4149 334 4201 Leipziger
347 4147 448 4191 Studien.
470 4147 528 4190 v111.
1090 4134 1104 4184 8
