2918 4748
185 335 229 392 De
245 333 369 392 lontibus
388 334 486 406 quibus
503 334 661 392 Athenaeus
679 335 707 391 in
725 335 806 392 rebus
823 351 892 394 mus.
911 336 961 407 lyr.
980 349 1070 392 enarr.
1089 349 1157 394 usus
1174 335 1219 393 sit.
1247 335 1309 397 109

149 508 232 588 (scil.
247 507 399 590 βίβλους)
420 504 576 595 σκηνικάς
595 531 633 572 τε
653 507 707 572 καὶ
724 505 904 594 ποιητικὰς
926 508 1086 574 πλεῖστον
1109 505 1309 595 ἐξηγήσαντο

150 606 305 691 Δίδυμος
330 604 474 695 Τρύφων
496 600 725 684 Ἀπολλώνιος
743 602 952 692 Ἡρωδιανός
974 609 1042 674 κτλ.

239 710 414 777 Praeterea
428 730 504 777 usus
521 716 570 777 est
584 708 718 794 Trypho
733 709 883 795 Dionysii
897 708 1043 794 Thracis,
1068 711 1123 794 qui
1141 711 1201 777 fnit
1214 709 1310 778 Pom·

150 812 220 897 pei,
244 817 275 878 et
295 812 454 878 Demetrii
474 811 608 896 Ixionis,
632 813 687 896 qui
710 812 770 878 fnit
791 811 928 895 Augusti
951 813 1107 895 aequalis,
1129 812 1221 879 libris
1233 814 1266 890 ¹).

240 912 448 998 Tryphonem
470 913 612 997 Didymo
634 914 734 981 fuisse
755 915 968 981 recentiorem
990 919 1118 997 praeter
1140 933 1205 999 eos,
1229 934 1309 998 quos

151 1034 252 1098 supra
274 1014 417 1099 laudaui,
440 1017 538 1083 etiam
553 1016 663 1082 Naber
684 1017 840 1100 (prolegg.
856 1015 900 1082 ad
914 1014 1008 1081 Phot.
1029 1036 1062 1100 p.
1077 1017 1130 1092 10)
1151 1017 1221 1083 sine
1242 1017 1311 1084 ulla

152 1115 354 1183 dubitatione
381 1119 491 1202 ponit;
522 1116 610 1184 idem
631 1118 731 1184 multa
753 1117 916 1202 Didymea
937 1137 996 1201 per
1019 1116 1104 1183 huno
1125 1118 1310 1201 grammati·

150 1237 226 1284 cum
243 1219 476 1303 posterioribus
494 1218 735 1303 lexicographie
757 1218 876 1286 medita
898 1238 969 1286 esse
992 1218 1035 1285 ad
1057 1238 1215 1284 summam
1236 1239 1309 1304 pro-

151 1318 355 1387 babilitatem
376 1321 514 1387 adduxit
524 1324 557 1397 2).
592 1321 780 1387 contrariae
802 1321 980 1389 sententiae
1001 1326 1129 1404 praeter
1150 1322 1309 1388 Duentze·

151 1441 224 1487 rum
237 1441 333 1488 nemo
349 1422 437 1505 quod
451 1423 552 1489 sciam
568 1423 693 1490 exstitit
709 1428 821 1489 auctor
842 1423 895 1489 uel
917 1428 1071 1506 patronus
1093 1423 1156 1488 nisi
1171 1423 1309 1490 Eruimus

152 1521 277 1589 Rohde.
323 1523 386 1602 Qui
413 1525 601 1610 praeclarae
629 1523 671 1591 de
694 1524 837 1591 Pollucis
864 1524 1005 1590 fontibus
1033 1524 1310 1592 commentationis

151 1643 184 1707 p.
201 1628 241 1688 47
266 1624 308 1690 de
333 1625 413 1692 Iuba
440 1627 628 1693 Mauretano
656 1631 689 1692 et
710 1625 886 1710 Tryphone
915 1625 1092 1692 disserens:
1123 1619 1218 1690 ‘mihi
1246 1645 1311 1692 non

153 1723 295 1810 dubium,
321 1728 433 1811 inquit,
456 1729 533 1811 quin
553 1725 752 1810 Athenaeus,
782 1746 866 1810 quae
889 1746 930 1791 ex
952 1727 1133 1809 antiquiore
1154 1727 1310 1810 scriptore

151 1829 291 1912 profert,
313 1830 484 1896 recentiori
505 1829 640 1912 debeat;
671 1829 727 1912 qui
750 1834 800 1895 est
820 1817 928 1894 Iuba³.
972 1828 1064 1893 Idem
1086 1849 1118 1911 p.
1131 1830 1187 1892 67:
1215 1821 1310 1895 ‘Iube

150 1930 239 1996 enim
256 1931 334 2014 quin
349 1929 534 2014 Tryphonis
550 1931 770 1997 onomasticon
791 1928 986 2012 adhibuerit,
1008 1930 1120 2011 nequit
1142 1920 1310 1999 dubitari'.

152 2033 257 2097 Immo
272 2051 314 2097 ne
327 2032 474 2114 potuisse
490 2029 621 2112 quidem
641 2030 796 2097 adhibere
818 2028 1010 2096 iudicandus
1033 2036 1097 2113 est;
1119 2050 1194 2096 nam
1209 2031 1309 2098 Iubae

151 2135 229 2200 libri
253 2138 382 2216 praesto
399 2137 489 2197 erant
503 2130 654 2214 Didymo,
677 2131 712 2197 id
728 2132 814 2215 quod
831 2133 934 2217 probe
949 2132 1009 2199 scit
1023 2133 1073 2198 uir
1088 2132 1311 2216 doctissimus;

153 2234 291 2317 Didymi
311 2239 418 2300 autem
433 2252 532 2315 opera
547 2231 726 2316 Tryphoni,
748 2240 783 2299 ut
796 2234 954 2317 uidimus,
977 2233 1062 2300 unde
1077 2235 1221 2317 seqnitur
1234 2240 1309 2301 ante

151 2333 363 2420 Tryphonem
378 2334 544 2417 scripsisse
559 2334 683 2399 Iubam.
705 2367 748 2380 -
769 2335 835 2400 Isto
851 2334 971 2402 Rohdii
994 2355 1100 2403 errore
1115 2338 1235 2403 factum
1251 2342 1309 2420 est,

152 2443 188 2503 ut
205 2455 290 2522 spes,
315 2455 411 2519 quam
428 2454 653 2519 conceperam:
677 2436 747 2502 lore
768 2442 803 2502 ut
824 2437 944 2504 laboris
968 2439 1036 2504 eius
1058 2438 1310 2520 ingeniosissimi

153 2538 371 2604 fundamentis
394 2556 500 2602 meam
522 2535 563 2603 de
577 2535 738 2604 Athenaei
760 2537 900 2605 fontibus
919 2537 1176 2621 disquisitionem
1199 2558 1308 2622 super-

153 2644 278 2706 struere
300 2657 448 2722 possem,
470 2657 523 2703 me
544 2637 680 2704 falleret.
717 2638 852 2705 Gaudeo
875 2644 983 2704 autem
1005 2639 1092 2720 quod
1112 2640 1224 2705 libello
1246 2640 1309 2704 uiri

151 2740 322 2806 clarissimi
351 2758 415 2805 non
443 2739 533 2823 prius
560 2737 643 2803 mihi
671 2739 805 2820 contigit
834 2738 933 2821 potiri
962 2757 1058 2820 quam
1086 2741 1157 2822 ipse
1187 2739 1228 2804 de
1257 2738 1309 2805 his

153 2841 249 2908 rebus
271 2840 398 2906 firmum
421 2859 461 2905 ac
482 2840 621 2905 liberum
642 2844 775 2904 nanctus
799 2857 904 2905 essem
932 2837 1094 2905 iudicium.
1138 2840 1208 2904 Iam
1230 2837 1310 2922 quid

155 2962 196 3009 ex
217 2944 274 3009 illo
297 2942 340 3008 ad
354 2940 516 3008 Athenaei
537 2941 642 3007 fontes
662 2939 821 3006 eruendos
842 2939 1046 3024 redundaret,
1069 2947 1220 3008 accurata
1241 2942 1309 3026 epi·

153 3045 227 3111 crisi
243 3043 485 3110 diiudicandum
503 3047 580 3107 erat.
613 3041 709 3109 Unde
730 3042 875 3108 uicissim
891 3043 989 3108 etiam
1004 3043 1145 3110 Pollucis
1167 3044 1309 3114 fontibus

152 3165 256 3212 nouae
270 3146 352 3212 lucis
366 3144 491 3228 aliquid
506 3142 651 3209 additum
673 3144 712 3208 iri
735 3143 870 3209 confido.
905 3143 1054 3211 ueterum
1070 3164 1153 3228 quae
1170 3145 1308 3214 debeam

152 3246 290 3331 Rohdio,
313 3254 404 3331 grato
428 3265 557 3329 semper
578 3246 686 3311 animo
710 3243 896 3311 confitebor.

239 3484 422 3550 Redeamus
451 3483 549 3566 igitur
578 3499 616 3547 eo
645 3479 731 3544 unde
760 3499 886 3546 eramus
914 3479 1065 3565 profecti:
1099 3481 1143 3547 ad
1163 3481 1238 3548 Ath.
1261 3484 1308 3549 IV

153 3606 184 3669 p.
199 3586 298 3651 174b.
344 3586 428 3650 Hinc
455 3602 558 3666 usque
587 3580 630 3648 ad
659 3580 756 3647 finem
777 3581 852 3647 libri
874 3581 920 3648 IV
942 3581 1087 3666 sophista
1114 3584 1308 3650 musicorum

156 3738 357 3747 ——-

240 3822 265 3885 t)
282 3819 385 3873 Contra
402 3817 533 3886 Didymus
550 3818 697 3885 usurpatus
715 3818 757 3870 est
773 3815 827 3869 iam
845 3816 880 3869 ab
892 3815 1048 3872 Aristonico
1059 3814 1213 3881 Homerico,
1231 3814 1309 3870 Stra·

154 3903 230 3960 bonis
249 3903 367 3972 aequali.

240 3992 266 4057 2)
285 3987 325 4044 cl.
345 3986 425 4041 etiam
442 3986 588 4056 Freyerum
606 3987 639 4042 de
651 3985 743 4041 Schol.
754 3979 1083 4052 Aeschtontt‘Trypho,
1100 3997 1179 4053 quem
1190 3985 1309 4054 Augusti

155 4075 182 4128 et
199 4072 303 4129 Tiberii
319 4070 486 4140 temporibus
504 4069 630 4126 floruisse
648 4066 767 4127 constat'
788 4069 863 4124 Stud.
875 4067 986 4136 Lipa.V
1001 4082 1028 4136 p.
1039 4070 1098 4125 373.
