2918 4748
248 320 289 379 92
648 320 760 374 Carolus
778 319 907 377 Albertus
924 321 1001 390 Bapp

333 492 401 558 Iam
415 498 599 576 reputemus
614 492 782 558 nobiscum
798 512 880 576 quae
896 491 1035 558 assecuti
1053 492 1162 558 simus.
1196 493 1267 560 Hoc
1290 500 1404 561 tenen·

248 594 325 660 dnm
347 600 411 660 est:
442 593 523 658 nihil
545 594 673 660 obstare
695 595 864 676 quominus
886 594 1050 659 Ammonii
1071 594 1231 660 Athenaei
1253 596 1404 662 Erotiani

248 695 399 761 Varronis
420 695 613 761 Aristoclem
641 715 738 760 unum
768 695 968 777 eundemque
998 714 1069 761 esse
1098 697 1287 780 scriptorem
1316 697 1404 763 iudi·

247 816 373 881 cemus3
397 798 559 863 Ammonii
583 803 669 863 certe
684 798 877 863 Aristoclem
898 798 940 863 ab
956 795 1118 863 Athenaei
1140 803 1270 864 auctore
1293 799 1402 865 diuer-

246 919 318 966 sum
340 918 411 965 csse
433 901 489 964 uix
510 919 606 982 posse
629 897 727 965 credi.
1422 973 1424 979 Ι

331 999 407 1066 Alia
428 1002 482 1066 uia
504 1019 623 1084 augere
646 999 769 1066 studuit
789 998 958 1067 Aristoclis
986 999 1140 1082 reliquias
1163 1000 1232 1066 Val.
1255 1001 1343 1068 Rose
1368 1005 1403 1069 in

244 1102 420 1168 Aristotele
440 1101 725 1185 pseudepigrapho
747 1121 778 1185 p.
795 1103 856 1164 615
869 1121 939 1183 sqq.
980 1099 1043 1179 Qui
1072 1102 1288 1184 compluribus
1317 1104 1402 1170 locis

245 1223 304 1287 pro
320 1203 504 1268 Aristotelis
518 1203 647 1268 nomine
664 1202 834 1269 Aristoclis
855 1222 972 1268 nomen
987 1201 1207 1286 reponendum
1230 1222 1301 1269 esse
1324 1224 1402 1270 con·

245 1304 357 1370 tendit.
401 1305 508 1385 Atque
536 1303 572 1368 id
600 1304 732 1386 quidem
761 1310 882 1371 certum
913 1310 977 1370 est:
1008 1303 1168 1370 interdum
1195 1304 1403 1372 librariorum

246 1407 342 1490 culpa
356 1405 525 1472 Aristoclis
548 1412 583 1471 ut
604 1407 706 1489 ignoti
730 1407 776 1472 eis
798 1426 914 1472 nomen
937 1406 970 1470 in
991 1405 1175 1472 Aristotelis
1197 1407 1402 1474 notissimum

246 1508 365 1573 abiisse
390 1511 429 1587 (e.
446 1528 476 1590 g.
500 1507 568 1572 f1·.3
590 1507 678 1591 apud
693 1508 820 1590 Maeli,
849 1507 885 1572 fr.
904 1512 933 1571 4.
951 1512 985 1591 5,
1010 1507 1111 1573 Varro
1134 1507 1175 1573 de
1193 1508 1214 1572 l.
1230 1509 1284 1574 lat.
1301 1509 1344 1592 X,
1360 1514 1401 1574 10

245 1629 276 1692 p.
291 1609 374 1685 550).
409 1608 507 1674 Vides
529 1609 627 1691 igitur
649 1609 733 1674 iusta
755 1609 879 1674 ratione
900 1628 965 1673 non
988 1627 1097 1674 carere
1113 1610 1204 1675 Rosii
1224 1630 1400 1695 conamen;

245 1710 303 1776 sed
330 1709 510 1775 cauendum
538 1717 623 1789 erat,
652 1709 795 1792 nequid
823 1711 981 1775 immerito
1004 1709 1170 1776 Aristoteli
1198 1711 1400 1779 abiudicare·

244 1817 303 1877 tur.
341 1811 445 1877 Nobis
467 1811 659 1877 Aristoclem
681 1810 739 1875 sub
757 1810 939 1876 Aristotelis
961 1811 1090 1877 nomIne
1112 1811 1213 1877 latere
1235 1833 1299 1878 non
1322 1815 1402 1881 licet

245 1912 377 1979 credere
404 1913 467 1978 nisi
495 1913 551 1978 ubi
576 1919 631 1977 aut
660 1911 806 1977 additum
833 1918 882 1978 est
907 1905 924 1976 ὁ
947 1905 1074 1987 Ῥόδιος
1101 1947 1143 1957 -
1172 1933 1246 1978 nam
1275 1915 1399 1982 Aristo-

243 2015 341 2080 telem
362 2013 526 2080 Rhodium
554 2014 741 2096 scriptorem
770 2034 833 2078 non
860 2015 1008 2080 nouimus
1030 2021 1149 2080 —aut
1173 2021 1319 2100 tempora
1341 2018 1399 2083 ob·

244 2121 338 2197 stant,
362 2116 530 2197 quominus
545 2113 810 2197 philosophorum
825 2115 975 2200 princeps
996 2115 1210 2199 intellegatur,
1233 2123 1289 2182 aut
1304 2138 1398 2201 argu·

243 2222 387 2283 mentum
409 2217 473 2283 loci
495 2218 548 2281 uel
571 2217 645 2282 libri
674 2217 784 2282 titulus
813 2219 914 2301 magis
936 2217 1089 2282 Aristooli
1112 2238 1208 2300 quam
1229 2219 1398 2286 Aristoteli

245 2319 402 2385 conuenit.

329 2420 472 2505 Primum
495 2419 574 2484 illud
597 2418 714 2484 accidit
736 2420 768 2486 in
791 2419 828 2483 Ir.
845 2421 868 2482 9.
886 2419 991 2485 Rosii:
1016 2418 1120 2484 Procl.
1137 2419 1169 2485 in
1185 2421 1267 2485 Tim.
1284 2442 1315 2505 p.
1329 2425 1399 2489 27a

244 2518 339 2585 Schn.
364 2510 416 2583 ὅτι
439 2541 475 2602 γε
497 2514 561 2604 μὴν
576 2516 617 2581 τὰ
634 2516 863 2604 Παναθήναια
879 2531 951 2594 τοῖς
966 2517 1172 2595 Recordabar·
1193 2520 1318 2601 εἵπετο,
1343 2524 1397 2587 λέ-

241 2641 356 2705 γουσιν
372 2619 405 2685 οἱ
419 2613 714 2706 ὖντομνηματισταὶ
735 2620 791 2683 καὶ
804 2612 1035 2706 Ἀριστοτέλης
1057 2614 1074 2683 ὁ
1092 2613 1216 2698 Ῥόδιος
1237 2637 1400 2709 μαρτυρεῖ

241 2719 284 2786 τὰ
304 2721 365 2804 μὲν
381 2719 415 2786 ἐν
430 2727 588 2813 Πειραιεῖ
602 2719 779 2787 Βενδίδεια
800 2723 841 2808 τῇ
857 2719 966 2787 εἰκάδι
986 2722 1046 2786 τοῦ
1063 2722 1297 2809 Θαργηλιῶνος
1321 2723 1398 2790 ἐναι-

241 2825 427 2905 τελεῖσθαι,
448 2823 595 2889 ἕπεσθαι
611 2822 647 2887 bt
662 2821 722 2900 τὰς
737 2825 817 2908 περὶ
832 2816 1049 2910 τὴνἍθηνην
1065 2821 1192 2909 ἑορτάς.
1228 2826 1290 2892 Hic
1305 2827 1397 2893 Rosii

242 2930 397 2994 correctio
414 2933 502 2992 certa
520 2924 656 2990 uidetur.
696 2925 895 3007 Quamquam
917 2925 1003 3006 quod
1025 2927 1113 3009 apud
1136 2927 1273 2993 cundem
1289 2927 1394 2992 Procl.

240 3031 304 3111 p.7
328 3018 427 3103 (οὕτω
449 3022 511 3109 γὰρ
531 3017 745 3109 Ἀριστοκλῆς
766 3023 999 3102 κατασκευάζει
1024 3029 1206 3110 Θεαίτητον
1230 3021 1315 3088 εἶναι
1336 3023 1395 3088 τὸν

243 3119 375 3191 ἀπόντα
390 3161 432 3172 -
447 3126 659 3208 Πτολεμαῖος
676 3117 708 3189 δ’
727 3119 744 3191 ὃ
761 3122 979 3201 Πλατωνικός
994 3124 1235 3209 Κλειτοφῶντα
1250 3160 1291 3169 -
1306 3127 1394 3209 Λερ-

241 3228 394 3316 καλλίὸης
418 3226 453 3292 δὲ
475 3224 645 3293 Πλάτωνα
668 3231 721 3306 -)
743 3229 867 3294 Usener
889 3225 1018 3303 (lilith.
1035 3225 1178 3290 XXVIII
1198 3227 1324 3308 p.433;
1353 3229 1392 3293 cf.

240 3332 336 3396 XXV
350 3354 382 3416 p.
392 3333 466 3410 614)
483 3331 619 3397 eundem
634 3329 796 3396 Rhodium
811 3327 978 3410 intellegit,
1000 3346 1094 3408 quem
1110 3328 1220 3392 statuit
1235 3347 1393 3393 commen-

242 3433 359 3497 tarium
376 3434 543 3514 scrIpsisse
562 3435 595 3498 in
610 3433 788 3514 Platonem,
810 3431 918 3496 nescio
934 3450 976 3495 an
990 3430 1107 3495 rectius
1122 3428 1258 3495 Mueller
1271 3430 1394 3497 Aristo·

241 3535 324 3600 clem
340 3534 534 3599 Messeniam
548 3532 778 3617 philosophum
796 3533 1042 3615 peripateticum
1064 3529 1239 3614 significari
1262 3530 1393 3615 iudicet,

239 3644 275 3703 ut
297 3638 378 3703 alter
400 3634 511 3700 addito
536 3635 725 3717 cognomine
748 3627 779 3697 ‘ri
801 3623 938 3707 Ῥόδιος
964 3633 1005 3698 ab
1029 3652 1067 3697 eo
1090 3638 1281 3697 secernatur.
1327 3631 1394 3698 Sed

238 3745 308 3805 utut
330 3737 392 3804 hoo
413 3756 447 3802 se
471 3735 582 3801 habet:
604 3740 709 3800 utrum
725 3733 870 3800 Rhodius
886 3734 939 3799 hic
953 3734 1131 3800 Aristocles
1152 3733 1180 3798 is
1203 3735 1244 3799 sit
1266 3734 1307 3798 de
1330 3754 1393 3816 quo

240 3843 365 3922 agImus
388 3860 430 3905 an
452 3838 544 3920 alius,
569 3857 595 3902 e.
612 3858 643 3920 g.
667 3836 835 3902 Strabonis
858 3835 1095 3919 grammaticus,
1117 3855 1182 3900 non
1204 3835 1315 3917 liquet.

323 3941 469 4006 Alterum
486 3939 572 4005 cadit
593 3940 627 4003 in
648 3940 685 4003 fr.
698 3941 750 4002 13:
775 3937 919 4003 Bekkeri
934 3936 1056 4002 Anecd.
1073 3956 1104 4018 p.
1118 3939 1190 4016 451,
1201 3939 1237 4000 31
1257 3928 1392 4012 Ἀσιας·

238 4034 408 4124 ἡκιθάρα
439 4033 520 4120 (ἀπὸ
544 4032 658 4105 Ἀσίου
686 4035 777 4114 τινος
807 4033 874 4122 [καὶ
894 4029 992 4102 Ἀσία
1017 4035 1074 4101 καὶ
1094 4027 1241 4121 Ἀσιόνη]
1272 4025 1292 4121 ἢ
1322 4029 1391 4103 ἀπὸ
