2918 4748
183 333 225 387 De
241 331 363 387 fontibus
381 332 479 401 quibus
497 259 652 433 Attffaeus
670 332 699 386 in
716 331 798 386 rebus
816 347 883 386 mus.
902 332 950 402 lyr.
968 347 1056 388 enarr.
1075 348 1141 387 usus
1160 332 1202 387 sit.
1237 332 1298 391 123

148 505 244 573 mur?
287 505 453 571 Pollucem
474 502 613 570 uidimus
636 505 669 569 in
690 505 854 589 plerisque
877 525 948 572 cum
970 503 1138 570 Athenaeo
1168 523 1301 570 consen-

150 609 224 691 tire;
246 607 310 673 nisi
326 605 411 688 quod
428 625 469 671 ex
483 612 575 689 parte
594 604 635 672 de
653 606 835 672 nominibus
858 607 935 673 solis
957 607 1040 672 inter
1063 625 1118 672 eos
1142 607 1302 688 conuenit,

150 730 219 777 cum
250 700 424 792 αὐλήματα
453 708 525 790 ille,
555 706 608 774 hic
635 699 723 792 ᾠδῆς
751 699 934 789 ὀνομασίας
962 714 1137 775 recenseat.
1186 707 1300 772 Mirum

150 817 255 877 tamen
283 811 317 875 in
344 809 395 876 his
417 827 543 892 quoque
572 809 688 876 eodem
716 810 828 877 ordine
857 812 903 876 uti
931 817 1116 893 utrumque:
1152 800 1303 893 Ἀλῆιις·

151 913 364 976 πτισσουσῶν
385 939 428 962 =
450 908 640 975 πειστικόν·
662 909 906 994 βσυκολιοισμός
928 939 971 963 =
992 909 1198 993 ποιμενικόν.
1239 911 1302 976 Hic

151 1014 332 1080 memineris
361 1032 481 1096 quaeso
509 1012 711 1079 Athenaeum
743 1035 840 1099 supra
868 1016 901 1079 in
931 1015 1138 1080 saltationum
1169 1032 1303 1078 numero

152 1137 211 1183 non
233 1136 369 1201 ponere,
401 1135 483 1198 quae
506 1120 657 1198 tanquam
681 1106 850 1200 αὐλήσεως
875 1135 995 1199 genera
1017 1121 1113 1181 antea
1135 1134 1301 1180 enumera-

151 1224 254 1301 uerat,
284 1219 450 1284 Pollucem
475 1223 582 1291 autem
605 1217 687 1284 haec
710 1237 837 1301 quoque
859 1219 941 1284 inter
963 1218 1149 1283 saltationes
1172 1216 1302 1282 referre.

151 1321 281 1387 Inuersa
295 1321 419 1386 ratione
435 1337 514 1402 quas
529 1318 715 1385 Athenaeus
737 1320 914 1386 cantilenas
937 1318 1026 1400 dicit,
1049 1318 1166 1383 Pollux
1188 1317 1303 1384 modos

152 1423 305 1488 auletioos
327 1426 431 1487 uocat.
477 1419 563 1498 Quid
586 1421 708 1503 igitur?
750 1421 837 1486 Num
866 1419 929 1486 duo
959 1439 1120 1486 sumamus
1146 1427 1302 1500 auctores,

152 1543 285 1606 quorum
308 1522 391 1588 huno
413 1522 455 1588 ad
478 1522 574 1588 tibias
596 1523 707 1605 ntique
729 1523 954 1605 respicientem
976 1520 1163 1588 Athenaeus
1185 1522 1218 1584 in
1242 1523 1305 1587 sal-

152 1625 333 1707 tationibus,
355 1626 447 1689 illum
462 1625 495 1689 in
511 1625 688 1707 cantilenis,
711 1625 829 1689 Pollux
848 1623 932 1689 hunc
954 1625 987 1688 in
1009 1623 1188 1705 cantilenis,
1211 1623 1305 1688 illum

151 1728 182 1792 in
197 1727 419 1794 saltationibus
435 1726 621 1792 enarrandis
636 1725 845 1791 adhibuerit?
878 1725 1006 1791 Nemini
1030 1726 1096 1792 soio
1119 1724 1206 1791 istud
1227 1745 1301 1809 pro-

149 1829 257 1894 batum
287 1829 335 1892 iri.
385 1828 488 1894 Immo
516 1848 568 1894 res
601 1829 704 1910 primo
735 1827 847 1893 obtutu
875 1828 956 1891 mira
989 1827 1084 1892 facile
1120 1828 1302 1910 explicatur

150 1926 264 1996 eadem
285 1929 425 2010 ratione,
454 1947 518 2007 qua
539 1948 635 2010 supra
656 1924 706 1994 usi
736 1948 859 1995 sumus:
889 1947 1005 2010 nempe
1033 1929 1061 1992 si
1092 1947 1131 1992 ea
1159 1929 1301 2008 nomina,

150 2033 266 2113 quibus
289 2035 321 2094 et
343 2029 528 2093 saltationes
550 2033 605 2091 aut
626 2031 804 2095 cantilenae
831 2029 983 2094 tibiarum
1010 2030 1082 2094 uoci
1112 2029 1239 2094 iunctae
1269 2036 1303 2095 et

149 2134 301 2197 tibiarum
316 2128 405 2194 modi
426 2127 695 2211 significabantur,
717 2130 926 2214 a'Pryphone
950 2137 982 2195 et
1003 2131 1037 2194 in
1059 2122 1225 2214 ὀρχήσεως
1247 2137 1304 2196 aut

151 2226 241 2316 ᾠδῆς
268 2223 465 2312 ὀνομασίαις
494 2237 525 2296 et
552 2231 586 2295 in
614 2222 783 2314 αὐλήσεων
811 2230 957 2315 catalogo
987 2238 1173 2297 enumerata
1200 2233 1302 2298 fuisse

150 2334 333 2416 statuimus,
362 2330 564 2398 Athenaeum
586 2338 693 2398 autem
717 2338 750 2398 et
770 2333 934 2398 Pollucem
963 2335 1037 2409 (nisi
1060 2335 1166 2416 potius
1190 2353 1300 2398 eorum

149 2434 307 2510 auctores)
335 2431 433 2499 modo
456 2433 538 2498 hanc
560 2434 655 2499 modo
684 2435 774 2499 illam
802 2434 943 2500 tabulam
972 2455 1030 2518 pro
1060 2455 1117 2500 suo
1141 2454 1302 2518 quemque

151 2536 284 2602 consilio
307 2535 459 2600 maluisse
481 2534 671 2601 describere.
709 2535 756 2601 df.
781 2556 863 2619 quae
885 2559 917 2619 p.
931 2541 968 2601 61
994 2539 1185 2620 notauimus,
1209 2558 1302 2621 prae·

140 2643 237 2703 terea
252 2637 333 2702 Poll.
345 2636 400 2718 IV,
414 2638 454 2699 82
477 2634 509 2699 οἱ
526 2634 681 2699 δὲταῦτα
701 2628 759 2699 οὐκ
782 2629 890 2699 αὐλῶν
914 2632 999 2697 ἀλλὰ
1021 2638 1130 2716 μελῶν
1154 2636 1225 2724 εἴδη
1250 2638 1304 2699 λέ-

150 2759 273 2823 γουσιν.
309 2735 451 2821 Hesyeh.
467 2758 493 2803 s.
508 2758 538 2801 u.
554 2734 783 2819 τετράκωμος·
806 2735 907 2815 μέλος
922 2758 956 2797 τι
975 2733 1034 2798 σύν
1053 2729 1186 2819 ὀρχήσει
1208 2739 1302 2813 (Poll.

151 2832 316 2926 ὀρχήσεως
331 2833 430 2916 εἶδος,
445 2837 520 2902 Ath.
534 2830 691 2922 ciltqpo);
711 2836 798 2901 idem
814 2856 837 2901 s.
847 2856 877 2900 u.
890 2836 1015 2917 κῶμος·
1032 2830 1182 2923 ὄρχησις·
1200 2822 1302 2924 ᾆσμα.

234 2942 285 3008 De
307 2941 477 3007 undecimo
502 2945 609 3004 autem
633 2938 791 3004 Athenaei
819 2939 924 3022 capite
953 2938 1115 3006 difficilius
1145 2947 1193 3006 est
1220 2941 1303 3007 iudi·

152 3064 233 3111 care.
268 3043 365 3127 Apud
380 3042 546 3107 Pollucem
568 3061 609 3106 ex
632 3040 682 3106 his
705 3062 769 3106 non
791 3042 853 3106 nisi
868 3041 1065 3126 Nymphidis
1085 3045 1226 3109 narratio
1249 3066 1302 3111 oo-

152 3148 232 3212 ourit
246 3145 305 3211 sed
320 3146 353 3209 in
368 3145 563 3228 paucissima
577 3143 677 3209 uerba
692 3149 856 3210 contracta
878 3149 909 3207 et
931 3144 1061 3209 aliunde
1084 3151 1194 3228 auota;
1218 3166 1302 3227 quae

152 3268 222 3315 oum
244 3245 412 3312 Athenaeo
442 3251 632 3328 congruunt,
662 3244 744 3310 haee
772 3249 857 3310 sunt:
889 3244 1030 3325 Βῶρμος
1053 3242 1303 3326 Μαριανὸὐνων

151 3349 302 3433 γεωργῶν
325 3332 431 3433 ᾆσμα,
461 3341 507 3422 ῶς
529 3345 730 3430 Αἰγυπτίων
752 3348 930 3428 Μανέρως.
968 3344 1116 3410 Ceterum
1140 3345 1178 3410 cf.
1201 3345 1302 3412 schol.

151 3452 211 3534 Ap.
226 3449 332 3516 Rhod.
349 3454 379 3512 B
391 3452 466 3512 781:
491 3446 585 3520 ἰδίως
606 3444 665 3510 τὸν
686 3445 914 3532 θρηνούμενσν
929 3441 1102 3529 Πριόλαόν
1118 3467 1211 3534 φησι,
1235 3451 1303 3515 τῶν

153 3545 262 3616 ἄλλων
290 3552 432 3636 Βῶρμον
461 3545 621 3631 λεγόντων
649 3545 707 3612 τὸν
739 3553 855 3613 Τισίου
884 3545 972 3628 υἱόν,
1006 3540 1052 3624 ῶς
1079 3548 1218 3637 Νύμφις
1246 3553 1303 3615 καὶ

152 3653 414 3738 Καλλίστρατος.
464 3653 514 3716 En
542 3650 642 3716 habes
668 3651 958 3718 Alexandrinorum
988 3651 1167 3717 doctrinam
1197 3673 1217 3716 a
1246 3652 1302 3716 Di-

152 3754 261 3838 dymo,
283 3763 319 3820 ut
340 3754 476 3837 uidetur,
498 3758 720 3836 propagatam,
743 3753 911 3819 Athenaeo
927 3754 1118 3834 Pollucique
1140 3772 1199 3836 per
1220 3754 1302 3836 Try·

152 3857 293 3940 phonem
308 3855 556 3939 suppeditatam.
572 3889 614 3898 -
635 3853 864 3919 Aristoxenum
886 3874 963 3921 uero
980 3852 1136 3920 Clearcho
1159 3854 1205 3929 (ut
1222 3856 1302 3922 alibi

153 3979 280 4043 quoque
302 3960 336 4025 iu
353 3956 646 4041 Deipnosophistis)
669 3955 781 4021 deberi
802 3956 879 4023 inde
900 3955 1082 4040 suspiceris,
1106 3955 1193 4036 quod
1215 3958 1302 4026 illius

153 4062 335 4130 testimonia
364 4080 382 4127 e
410 4059 546 4126 diuersis
576 4058 700 4124 duobus
730 4058 822 4125 libris
854 4060 954 4144 petita
987 4060 1075 4137 sunt,
1111 4056 1303 4127 Clearchum
