2918 4748
240 317 300 375 140
635 315 748 372 Carolus
767 316 895 370 Albertus
913 316 990 384 Bapp

239 491 405 574 Agrippae
428 491 514 555 illius
537 495 639 555 artem
661 494 823 572 spectare;
848 488 934 571 quod
956 489 984 553 si
1005 507 1117 552 uerum
1139 492 1196 570 est,
1220 487 1307 551 istud
1330 479 1386 572 ἐφ)

238 585 318 674 ἡμῖν
332 591 500 657 Athenaeo
523 591 586 674 ipsi
608 590 795 656 abiudicare
817 610 881 655 non
902 590 1015 654 ausIm.
1053 587 1201 655 Ceterum
1222 589 1309 671 quod
1330 585 1390 673 τὴν

238 689 468 775 ποθαφόρειον
484 690 693 776 φιλοσοφίαν
709 690 887 756 ostendisse
902 690 1018 755 dicitur
1032 691 1202 756 saltatione
1218 710 1276 755 sua
1290 691 1388 756 Mem-

237 793 311 876 phis
333 795 399 876 ille,
423 793 462 859 of.
480 813 562 876 quae
578 793 661 857 infra
678 811 710 875 p.
724 791 787 855 2ss
806 792 847 856 de
863 790 996 857 Socrate
1018 792 1181 874 leguntur:
1205 791 1289 858 hunc
1312 812 1388 874 quo·

238 914 299 977 que
322 895 419 960 talem
447 894 490 972 (h.
511 913 537 959 e.
560 890 762 979 φιλόσοφον)
794 885 929 977 ὄρχησιν
951 892 1138 974 adamasse;
1170 898 1202 958 et
1229 899 1389 959 memento

238 1016 348 1062 eorum
371 1016 453 1078 quae
476 996 552 1062 diss.
569 1001 665 1061 nostr.
688 1015 719 1077 p.
736 996 795 1058 106
820 994 969 1060 diximus.

322 1098 402 1163 Iuba
423 1097 571 1162 laudatur
592 1118 624 1180 p.
638 1100 706 1161 iba
728 1095 769 1161 de
785 1094 925 1177 quodam
947 1095 1015 1160 ludi
1031 1095 1139 1178 pilarii
1156 1114 1289 1177 genere:
1314 1092 1389 1159 ἐκο-

237 1198 325 1274 λεῑτο
349 1196 384 1260 δὲ
408 1195 568 1283 φαινίνδα
591 1189 659 1260 dard
679 1198 738 1282 τῆς
761 1188 914 1282 ἀφέσεως
935 1197 1002 1259 τῶν
1025 1192 1269 1281 σφαιριζόντων
1290 1184 1311 1281 ἢ
1334 1188 1390 1262 ότι

237 1293 370 1384 εὑρετὴς
392 1290 501 1382 αὐτῆς,
526 1288 572 1373 ιός
595 1319 697 1384 φησιν
716 1290 823 1380 Ἰόβας
846 1291 863 1361 ό
888 1294 1121 1379 Μαυρούσιος,
1148 1300 1347 1374 Φαινέστιος
1369 1294 1387 1364 ό

235 1398 477 1485 παιδοτρίβης·
512 1400 567 1462 καὶ
597 1391 817 1484 Ἀντιφάνης·
852 1397 1013 1485 φαινίνδα
1042 1397 1152 1476 παίζω
1182 1401 1295 1484 νῆστις
1330 1403 1389 1480 (sic

236 1502 338 1568 Cobet
352 1522 410 1586 pro
426 1494 510 1586 ᾔεις)
532 1497 566 1564 ἐν
585 1504 786 1565 Φαινεστίου
808 1501 859 1577 (ελ
883 1503 981 1585 paulo
1004 1521 1101 1584 supra
1122 1502 1261 1568 similem
1280 1503 1388 1568 obser-

235 1606 397 1669 nationem
416 1601 457 1668 de
475 1603 640 1676 folliculo).
676 1603 894 1685 Veriloquium
917 1604 958 1667 ab
982 1604 1157 1669 inuentoris
1180 1605 1308 1670 nomine
1332 1624 1388 1688 pe-

236 1706 328 1770 titum
345 1705 441 1769 etiam
458 1704 576 1768 Pollux
591 1702 724 1769 exhibet
746 1704 805 1769 sed
826 1705 964 1770 nominis
985 1705 1089 1770 forma
1111 1703 1233 1770 differt:
1257 1707 1314 1789 IX,
1327 1710 1388 1770 105

235 1802 395 1891 φαινίνδα
425 1801 554 1888 εἴρηται
583 1791 604 1886 ἢ
632 1795 700 1867 ont
732 1803 895 1868 Φαινίδυυ
923 1806 983 1868 τοῦ
1011 1802 1154 1889 πρώτως
1185 1799 1338 1890 εὑρόντος
1366 1794 1388 1891 ἢ

235 1899 303 1970 dab
333 1907 394 1969 τοῦ
423 1903 609 1991 φενακίζειν
637 1906 705 1968 κτλ.
733 1906 962 1972 -Athenaei
993 1906 1114 1990 duplex
1142 1909 1316 1991 explicatio
1344 1909 1389 1975 ad

233 2009 367 2074 uerbum
381 2007 447 2073 fere
464 2026 618 2090 expressa
639 2006 723 2072 redit
745 2008 828 2073 inter
850 2009 931 2074 alias
954 2009 1042 2093 apud
1062 2009 1112 2074 Et.
1125 2009 1166 2074 M.
1183 2030 1208 2076 s.
1221 2031 1251 2075 u.
1268 2012 1389 2086 Φίννις

233 2129 264 2193 p.
280 2112 355 2172 790:
378 2105 502 2171 νταιδιά
525 2142 567 2152 -
590 2130 658 2171 arro
675 2130 733 2192 της
754 2109 907 2194 αφέσεως
922 2110 988 2174 τῶν
1005 2107 1249 2195 σφαιριζόντων
1271 2099 1293 2196 ἢ
1316 2103 1386 2176 ἀπὸ

233 2210 292 2272 τοῦ
315 2206 500 2295 φενακίζειν
529 2212 582 2287 (=
603 2210 697 2284 Poll.)
727 2196 747 2294 ἢ
775 2201 844 2273 ἀπὸ
871 2214 1071 2274 Φαινεστίου
1099 2212 1159 2273 τοῦ
1188 2208 1389 2295 ἕφευρόντος
1444 2269 1447 2274 .

234 2302 345 2395 αὐτήν.
368 2345 409 2354 -
431 2311 519 2376 Eust.
537 2311 581 2376 ad
600 2309 705 2376 ooo
726 2331 756 2375 u.
775 2313 835 2374 372
864 2318 938 2377 ante
960 2311 1120 2377 Athenaei
1141 2313 1240 2378 uerba
1271 2333 1312 2377 ex
1339 2315 1388 2380 in·

234 2418 334 2494 tegra,
358 2432 422 2494 qua
439 2433 498 2478 nos
516 2432 670 2495 caremus,
694 2414 836 2495 epitoma
852 2419 1005 2497 excerpta
1019 2413 1155 2496 pilariae
1170 2414 1247 2480 artis
1265 2434 1388 2496 genera

234 2519 382 2595 quattuor
397 2512 550 2579 describit
572 2515 631 2597 ita,
655 2520 690 2579 ut
711 2515 779 2580 fere
803 2515 949 2580 omnibus
965 2516 1113 2581 *numeris
1136 2521 1290 2598 congruat
1312 2536 1385 2581 cum

234 2614 366 2679 Polluce
384 2619 481 2697 atque
505 2615 600 2679 etiam
623 2616 750 2699 inipso
774 2616 1020 2682 enumerationis
1044 2615 1156 2681 ordine
1179 2637 1251 2682 cum
1274 2616 1384 2683 Schol.

233 2715 315 2780 Plat.
328 2714 462 2782 Theaet.
479 2719 575 2781 idda.
609 2717 777 2783 Atticistas
793 2718 890 2801 igitur
905 2719 1081 2784 communis
1097 2724 1169 2784 sunt
1183 2719 1255 2784 fons
1271 2719 1384 2785 horum

233 2822 407 2882 auctorum.
452 2815 538 2895 Quid
562 2819 647 2900 quod
676 2819 757 2884 illud
788 2810 856 2882 ἀπὸ
880 2820 940 2882 τοῦ
963 2816 1149 2904 φενακίζειν
1172 2821 1384 2903 ueriloquium

232 2918 333 3001 (apud
354 2919 433 2984 Poll.
458 2925 490 2984 et
512 2920 561 2983 nt.
578 2920 619 2983 M.
644 2924 676 2983 et
699 2919 840 3002 Hesych.
857 2940 887 2984 u.
905 2916 1074 3003 ε’φετίνδα)
1104 2922 1291 2988 Eustathius
1313 2934 1385 2998 τοῖς

232 3017 392 3094 παλαιοῖς
420 3020 531 3085 tribuit
552 3021 746 3102 uituperans.
797 3016 882 3093 Τους
903 3018 1070 3096 ααλαιοίς
1099 3021 1185 3089 idem
1208 3022 1319 3088 laudat
1341 3024 1385 3090 ad

233 3117 294 3185 Od.
312 3117 330 3197 ζ
349 3140 380 3204 p.
394 3124 466 3205 251,
480 3124 531 3203 20,
554 3121 624 3187 ubi:
648 3117 805 3206 ἒφετίνδα
821 3120 960 3204 λέγεται,
983 3123 1095 3204 inquit,
1120 3119 1212 3207 παρὰ
1227 3135 1299 3197 τοῖς
1314 3147 1383 3187 ιτα-

232 3220 356 3300 λαιοῖς,
386 3215 467 3285 ότὰν
491 3215 581 3305 όλλφ
603 3219 840 3305 προδείξαντες
861 3218 920 3305 τὴν
944 3233 1092 3308 σφαῖραν
1115 3216 1205 3305 sup
1237 3220 1382 3310 ἕφιῦσινς

230 3343 335 3405 neque
358 3324 455 3405 igitur
469 3324 584 3388 mirum
601 3322 687 3406 quod
702 3324 847 3405 congruit
862 3323 954 3389 Phot.
971 3344 995 3390 s.
1008 3343 1038 3388 u.
1052 3319 1225 3409 ἐφετίνδαε
1248 3331 1382 3408 uterque

230 3424 396 3489 Atticistas
420 3426 572 3507 sequitur.
617 3425 702 3490 Dein
724 3425 830 3508 pergit
851 3425 955 3492 Eust:
984 3418 1003 3509 r}
1028 3415 1060 3488 δ’
1084 3417 1165 3510 αότὴ
1189 3426 1244 3489 καὶ
1268 3429 1382 3512 φίννις

231 3521 358 3607 ἐλέγετο
380 3523 465 3606 κτλ.;
496 3544 579 3606 quae
601 3525 724 3592 eisdem
749 3526 817 3591 fere
846 3529 953 3593 uerbis
982 3527 1041 3594 sed
1071 3529 1220 3595 breuiora
1248 3528 1382 3595 redeunt

230 3626 317 3711 apud
338 3623 432 3690 Phot.
456 3644 480 3690 s.
495 3645 526 3689 u.
543 3627 667 3710 φέννις.
713 3627 845 3694 Parcius
870 3631 966 3694 etiam
995 3629 1077 3695 hanc
1105 3648 1217 3695 uocem
1240 3632 1382 3714 explicat

230 3727 281 3790 Et.
297 3726 339 3791 M.
362 3745 404 3792 ex
420 3723 548 3808 Orione,
573 3726 627 3808 qui
642 3725 827 3792 Helladium
850 3731 1007 3811 sequitur:
1031 3730 1161 3814 φέννις·
1184 3725 1307 3793 παιδιὰ
1325 3727 1380 3795 διὰ

231 3830 387 3912 σφαίρας.
420 3826 530 3893 Naber
545 3826 588 3892 ad
603 3825 696 3893 Phot.
713 3829 733 3892 l.
747 3829 767 3892 l.
794 3829 960 3894 Atticistas
977 3848 995 3894 e
1010 3829 1181 3913 Pamphilo
1197 3836 1288 3913 putat
1303 3829 1380 3897 hau·

231 3928 320 3993 sisse.
365 3929 435 4012 Ego
458 3928 499 3994 de
521 3928 693 4012 Pamphilo
716 3930 797 3994 nihil
820 3929 963 4013 spondeo
985 3930 1044 3996 sed
1066 3932 1150 3997 malo
1174 3931 1214 3997 de
1237 3931 1379 4016 Didymo

230 4029 381 4112 cogitare,
405 4033 594 4112 praesertim
615 4037 746 4115 propter
769 4031 976 4115 Hesychium.
1016 4032 1110 4100 Certe
1132 4035 1190 4100 illa
1213 4032 1253 4099 de
1276 4055 1380 4118 φενα-
