2918 4748
187 337 229 392 De
247 335 369 392 sontibus
387 336 485 407 quibus
502 338 658 396 Athenaeus
675 339 801 395 intubus
818 355 886 398 mus.
905 342 954 412 lyr.
974 358 1061 399 enarr.
1080 360 1147 401 usus
1164 348 1207 402 sit.
1241 349 1301 407 147

152 493 240 588 ¹Quid
257 509 379 594 igitur?
411 509 604 578 Dicaearchi
627 512 817 579 sententiam
832 534 937 580 nonne
951 514 1111 600 Didymus
1126 517 1303 602 Artemoni,

152 611 340 679 Athenaeus
353 611 495 696 Didymo
512 613 631 680 debere
650 614 841 681 iudicandus
857 615 930 682 est?
967 617 1116 684 Fortasse
1139 639 1212 684 101Ι
1225 639 1302 686 casu

151 713 282 797 accidit,
299 713 385 796 quod
401 716 498 781 etiam
513 736 544 798 p.
555 717 616 781 636
626 716 670 795 (b)
686 715 879 783 Dicaearchi
894 719 1108 785 testimoninm
1125 719 1300 803 praecedit.

237 918 315 984 Post
336 918 479 1002 pretiosa
501 919 558 984 illa
581 919 622 986 de
645 923 753 988 aeoliis
776 921 884 1004 capita
907 920 1028 986 orditur
1051 923 1206 1004 quaestio,
1228 923 1301 987 Ari-

151 1020 275 1087 stotelis
294 1020 327 1085 in
343 1019 508 1085 Hermiam
524 1041 651 1087 carmen
669 1043 869 1105 paeanumne
885 1023 983 1089 sitan
998 1023 1168 1089 scoliorum
1189 1024 1302 1107 generi

151 1121 398 1188 attribuendum.
444 1122 550 1204 Atque
580 1124 974 1208 enumeranturrrardvar
1003 1124 1111 1206 multi,
1146 1126 1200 1206 qui
1229 1143 1301 1191 cunr

150 1222 292 1290 habeant
312 1219 350 1288 τὸ
369 1219 550 1287 παιανικὸν
573 1219 750 1310 ἐπίρρημα,
772 1245 831 1309 pro
854 1232 940 1293 00110
963 1223 1039 1291 huic
1060 1224 1168 1308 poesis
1190 1226 1301 1308 generi

150 1324 363 1392 uindicantur.
408 1325 492 1390 Dein
515 1345 535 1391 a
556 1327 648 1391 seriis
671 1326 864 1392 carminibus
887 1326 930 1390 ad
950 1325 1123 1391 lasciuiore
1149 1327 1300 1391 transitus

149 1425 187 1492 tit
207 1426 343 1492 iocosus.
380 1426 448 1491 Iam
464 1428 670 1493 resuscitatur
685 1428 830 1509 quaestio
854 1446 949 1509 supra
971 1429 1077 1511 11669
1094 1428 1200 1491 01671
1219 1426 1300 1490 indi·

151 1533 237 1595 cata:
262 1527 339 1610 quid
361 1529 404 1594 sit
425 1521 442 1592 ὁ
461 1531 647 1615 συρβηνέων
667 1525 790 1613 quode?
827 1529 1026 1611 Responsum
1043 1527 1136 1593 datur
1152 1524 1300 1593 (11001011

151 1629 259 1696 uerbis
282 1650 313 1714 p.
327 1630 412 1694 6971
431 1629 518 1707 (inde
540 1650 560 1695 a
583 1629 737 1695 λείπεται
759 1649 839 1696 uoce
861 1650 961 1712 usque
984 1629 1027 1696 ad
1049 1626 1197 1713 θεατής).
1238 1627 1301 1705 Qui

151 1750 230 1797 uero
253 1732 457 1814 subsequitur
477 1732 632 1799 Matronis
654 1731 769 1816 parodi
791 1733 890 1816 locus,
915 1751 977 1814 quo
1000 1732 1095 1797 modo
1118 1735 1300 1796 011110110-

152 1832 341 1900 cedentibus
357 1833 538 1917 cohaereat,
563 1835 691 1901 omnino
711 1854 775 1900 101
789 1832 895 1899 uideo.
934 1832 1040 1909 Quare
1062 1833 1142 1898 falso
1166 1832 1303 1898 arbitror

153 1932 497 2018 Schweighaeuserum
523 1935 645 2000 dicere:
673 1929 1218 2016 ίΜο110111100110(1001011101
1242 1931 1302 2014 Cy·

149 2036 238 2102 nuloi
261 2027 322 2101 est’
349 2035 397 2113 (G.
421 2037 448 2101 is
472 2042 520 2101 est
542 2037 596 2118 qui
618 2037 758 2118 loquitur
782 2035 1068 2119 deipnosophista).
1115 2034 1173 2100 Est
1195 2038 1301 2098 autem

150 2135 214 2204 100
235 2139 371 2204 alicuius
393 2139 546 2203 momenti
566 2138 608 2202 ad
624 2137 759 2203 fontium
777 2137 923 2220 analysiu
945 2143 1031 2202 recte
1053 2133 1300 2216 instituendam

149 2258 224 2304 nam
244 2240 386 2321 sequitur
402 2239 576 2322 disputatio
602 2239 642 2304 de
664 2238 871 2322 parodiarum
894 2239 1102 2322 scriptoribus
1124 2238 1211 2302 nullo
1234 2236 1298 2300 alio

150 2341 280 2406 uinculo
303 2341 431 2406 adnexa
453 2342 515 2404 nisi
538 2341 593 2405 1110
616 2340 769 2405 Matronis
791 2339 906 2422 parodi
928 2340 1126 2421 testimonio;
1151 2337 1236 2419 quod
1260 2355 1301 2402 ex

151 2441 266 2507 eodem
289 2442 371 2506 libro
395 2441 597 2522 desumptum
627 2447 720 2524 puto,
752 2460 792 2505 011
823 2461 885 2524 quo
915 2441 1108 2524 parodorum
1138 2438 1299 2505 enarratio

149 2541 252 2622 fluxit,
269 2561 333 2606 non
348 2541 444 2622 igitur
461 2560 501 2605 ex
516 2540 682 2627 Clearcho,
697 2564 772 2608 nam
788 2543 830 2609 de
845 2544 975 2626 parodis
991 2543 1140 2608 laudatur
1155 2541 1299 2607 Polemo.

149 2643 292 2709 Maxime
309 2648 395 2708 certe
416 2643 530 2707 mirum
554 2651 638 2708 esset
660 2651 790 2728 propter
812 2645 927 2726 parodi
949 2645 1084 2708 alicuius
1106 2644 1300 2706 mentionem

153 2745 286 2810 fortuito
315 2745 431 2808 saetam
456 2745 489 2807 in
512 2743 660 2809 Clearchi
688 2744 796 2809 uerbis
824 2744 930 2808 statim
958 2744 1085 2808 doctam
1108 2742 1149 2807 de
1171 2739 1303 2823 parodis

151 2845 408 2910 dissertationem
433 2843 535 2927 adici,
559 2844 645 2926 quod
667 2845 798 2908 minime
823 2845 945 2927 mirum,
969 2845 996 2910 si
1019 2863 1061 2909 ex
1084 2842 1197 2908 eodem
1220 2841 1301 2906 haec

151 2950 305 3026 excerpta
329 2949 377 3009 est
400 2945 497 3027 libro,
533 2946 583 3010 cui
613 2945 785 3028 debentur,
815 2965 897 3028 quae
927 2945 966 3010 de
996 2944 1133 3011 colubris
1163 2943 1299 3025 aliisque

151 3045 328 3111 leuioribus
350 3046 459 3128 poesis
481 3047 651 3130 generibus
679 3053 846 3112 narrantur
876 3067 980 3130 supra.
1024 3046 1086 3113 Hic
1116 3045 1299 3110 memineris

152 3166 271 3229 quasso
295 3147 392 3212 etiam
414 3148 447 3210 in
470 3148 552 3212 libro
568 3148 645 3213 XIV
663 3169 694 3231 p.
709 3151 827 3231 638sq.
855 3148 895 3214 de
918 3148 1060 3231 parodiis
1083 3146 1177 3213 etde
1200 3146 1298 3211 canti·

150 3247 209 3313 bus
240 3249 370 3314 lasciuis
401 3250 492 3313 iuxta
523 3269 701 3315 sermonem
731 3249 816 3333 fieri;
846 3249 966 3315 ibidem
996 3247 1169 3314 Clearchus
1198 3247 1298 3311 testis.

150 3348 222 3414 Non
245 3355 365 3415 temere
385 3351 483 3432 igitur
499 3349 551 3416 bic
567 3350 607 3416 de
624 3353 739 3417 eodem
760 3357 857 3433 atque
880 3350 947 3415 illic
968 3350 1055 3415 10110
1077 3348 1298 3431 cogitabimus.

236 3452 430 3534 Interposita
445 3452 485 3517 de
502 3452 687 3535 lampadum
703 3453 886 3518 nominibus
902 3451 1177 3533 commentatione,
1201 3469 1296 3533 quam

154 3573 194 3619 ex
218 3553 414 3618 onomastico
438 3553 639 3636 desumptam
668 3573 738 3619 esse
766 3560 870 3638 patet,
900 3552 984 3619 redit
1012 3572 1115 3619 sermo
1145 3551 1187 3618 ad
1216 3553 1297 3618 illud
1350 3606 1358 3620 .

151 3650 181 3740 ἰὴ
207 3650 319 3718 παιών
343 3650 551 3740 ἐπίφθεγμα,
576 3654 616 3719 de
640 3674 702 3737 quo
725 3654 873 3722 (11001011
896 3656 1072 3721 sententiae
1096 3658 1300 3737 opponuntur

149 3755 330 3822 Heraclidis
348 3762 542 3839 commenta
567 3775 650 3838 quae
673 3777 745 3823 cum
767 3759 939 3823 reiciantur
960 3776 1037 3839 prae
1060 3756 1127 3836 illa,
1149 3754 1177 3818 si
1200 3753 1296 3817 etiam

150 3859 373 3924 refutationem
408 3856 491 3923 hanc
519 3857 675 3926 Olearoho
709 3847 903 3939 tribuemus,
933 3877 997 3922 non
1029 3856 1124 3922 nimis
1157 3854 1298 3924 audaces

148 3958 338 4025 uidebimur.
376 3959 524 4042 Denique
540 3959 730 4043 Ariphronis
754 3957 802 4035 εἰς
816 3953 960 4042 Ὑγίειαν
977 3953 1084 4022 παιάν
1104 3975 1298 4023 commemo-

149 4067 250 4144 ratur,
278 4066 352 4144 post
381 4080 474 4143 quem
504 4059 612 4125 finitur
636 4062 718 4128 liber
746 4062 779 4126 in
805 4061 957 4126 extremis
979 4060 1148 4125 lacunosus
1170 4063 1202 4125 et
1223 4078 1297 4140 gra-

1037 4159 1090 4210 10*
