2918 4748
186 328 231 383 De
248 326 371 383 fontibus
390 326 488 396 quibus
505 325 662 381 Athenaeus
679 324 708 380 in
725 324 807 380 rebus
824 339 894 382 mue.
912 326 962 397 lyr.
982 341 1071 384 enarr.
1090 343 1156 386 usna
1173 332 1218 389 ait.
1247 335 1314 396 117

153 501 231 570 dine
253 519 384 584 prorsus
405 499 570 582 neglecto,
601 499 715 582 quibus
737 497 881 565 additur:
907 500 1012 565 ταῦτα
1035 498 1071 564 δὲ
1094 499 1206 567 πάντα
1228 497 1304 588 μετ’

153 593 322 687 ὀρχήσεως
342 590 485 686 ηὐλεῖτο.
529 600 624 666 Hunc
645 590 815 684 αὐλήσεων
838 602 1020 685 catalogum
1042 603 1159 670 frustra
1181 609 1306 688 quaeri·

152 723 225 772 mus
247 701 336 786 apud
357 702 540 785 Pollucem,
571 700 625 784 qui
649 692 823 786 αὐλήματα
851 709 997 769 recenset
1018 705 1084 772 alio
1107 725 1149 771 ex
1170 709 1306 776 consilio

152 803 313 890 disposita
335 808 367 870 et
389 803 548 870 distincta.
586 801 654 869 Sed
676 822 786 870 omnes
808 803 886 887 fere,
909 824 989 887 quas
1004 805 1138 891 Trypho
1161 808 1305 895 exhibet,

152 895 327 990 αὐλήσεων
354 895 536 987 ὀνομασίαι
564 903 651 989 apud
679 905 846 972 Pollucem
874 906 908 972 in
935 896 1101 992 ὀρχήσεως
1133 911 1305 993 generibus

152 1006 290 1072 redeunt
310 1005 365 1089 IV,
381 1009 421 1070 99
429 1026 498 1091 sqq.
543 1005 614 1073 Hoc
634 1026 698 1072 non
720 1006 903 1090 miraberis,
933 1007 969 1084 si¹
983 1007 1195 1076 additamenti
1217 1012 1306 1079 illius

143 1109 271 1199 tacdae
292 1104 328 1171 δὲ
343 1103 456 1172 πάντα
477 1097 552 1189 μετ’
570 1099 736 1193 ὀρχήσεως
758 1099 902 1195 ηὐλεῖτο)
924 1129 1045 1177 memor
1066 1114 1304 1195 comparaueris

152 1210 295 1278 Pollucis
307 1210 557 1295 explicationem
571 1211 660 1276 uocis
674 1214 822 1294 γίγγρας*
842 1208 929 1297 πρὸς
946 1204 1046 1277 αὐλὸν
1057 1205 1195 1299 ὐρχήμα,
1213 1209 1305 1278 tord-

152 1334 255 1394 νυμον
276 1312 335 1375 τοῦ
357 1302 562 1397 αὐλήματος;
586 1312 624 1379 cf.
648 1315 743 1388 §105
766 1310 976 1397 τετράκωμος
997 1310 1035 1377 τὸ
1057 1316 1116 1400 τῆς
1137 1305 1304 1400 ὀρχήσεως

153 1407 242 1490 εἶδος
265 1413 364 1497 (apud
379 1412 587 1497 Tryphonem
604 1406 827 1500 611αὐλήσις).
862 1415 933 1481 Ael.
949 1415 1044 1480 Dion.
1059 1418 1114 1492 (ex
1129 1414 1304 1501 Tryphone

151 1517 316 1594 uidelicet)
339 1513 427 1601 apud
441 1514 586 1582 Eustath.
607 1536 638 1599 p.
654 1517 746 1600 1137,
758 1519 815 1581 23:
838 1511 986 1580 ἐκαλεῖτο
1010 1513 1045 1580 δὲ
1068 1510 1226 1599 ἐμμέλεια
1247 1516 1304 1582 καὶ

151 1614 189 1682 τὸ
214 1612 280 1682 riori
304 1613 364 1703 τὴν
385 1613 541 1703 τραγικὴν
563 1610 700 1704 ὄρχησιν
722 1609 884 1704 ᾀδόμενον
908 1610 1048 1704 αὐλήμα.
1093 1619 1144 1684 Ex
1166 1617 1217 1685 1111
1239 1637 1304 1685 nou

152 1725 272 1786 temere
294 1719 485 1786 concludere
511 1717 592 1785 mihi
619 1718 732 1786 uideor
753 1718 960 1803 Tryphonem
987 1718 1037 1786 bis
1065 1718 1147 1787 haec
1174 1721 1304 1787 nomina

152 1823 323 1888 aulematis
346 1827 379 1889 et
399 1822 622 1888 saltationibus
643 1821 825 1888 communia
846 1821 1054 1905 recensuisse,
1078 1826 1110 1888 et
1131 1823 1164 1888 in
1186 1823 1303 1905 capite,

151 1943 216 2007 quo
239 1923 320 2006 περὶ
344 1913 523 2006 αὐλήσεων,
550 1929 582 1986 et
603 1923 637 1987 in
659 1942 708 2006 eo,
731 1942 794 2006 quo
817 1922 895 2004 περὶ
919 1912 1085 2007 ὀρχήσεων
1107 1924 1187 2005 egit:
1217 1930 1302 1990 cata·

150 2024 263 2108 logum
290 2024 384 2089 illum
411 2022 607 2105 descriptum
634 2042 704 2089 esse
732 2025 773 2090 ab
799 2023 983 2107 Athenaeo,
1011 2022 1096 2090 hunc
1124 2025 1303 2109 pleniorem

152 2131 186 2192 et
212 2125 312 2209 paulo
335 2124 430 2189 aliter
452 2122 643 2206 dispositum
664 2142 684 2188 a
704 2125 845 2192 Polluce.
891 2124 981 2203 Quae
1008 2131 1117 2192 nostra
1145 2128 1304 2195 sententia

153 2227 276 2310 optime
291 2224 432 2292 firmatur
447 2245 495 2308 eo,
519 2223 606 2309 quod
625 2225 708 2290 inira
721 2223 932 2310 Athenaeum,
951 2228 1007 2293 abi
1023 2225 1065 2293 de
1079 2229 1302 2297 saltationibus

152 2328 306 2412 disputat,
328 2326 362 2391 iu
377 2325 524 2392 omnibus
539 2326 607 2392 fere
623 2346 694 2393 cum
709 2326 842 2394 Polluce
857 2329 1107 2395 consentientem
1121 2330 1302 2397 uidebimus

152 2430 214 2497 nisi
231 2426 318 2512 quod
333 2429 441 2495 omisit
462 2447 545 2511 quae
567 2433 719 2511 tanquam
742 2419 912 2514 αὐλήσεως
933 2430 1064 2496 nomina
1085 2431 1150 2496 iam
1172 2451 1203 2514 p.
1216 2433 1304 2498 6180

152 2531 329 2613 recensuit;
358 2549 463 2612 neque
484 2530 553 2613 ulla
575 2549 685 2596 earum
705 2531 849 2599 Pollucis
871 2533 1092 2615 saltationum,
1117 2552 1200 2615 quae
1221 2534 1303 2617 Try·

153 2632 269 2717 phonis
292 2633 462 2698 aulematis
484 2632 647 2698 saltationi
669 2634 846 2699 coniunctis
868 2635 1074 2715 cognomines
1097 2640 1186 2715 sunt,
1215 2634 1303 2714 apud

152 2733 352 2801 Athenaeum
368 2733 403 2798 in
418 2733 623 2799 saltationum
645 2751 777 2796 numero
792 2733 936 2814 recurrit,
960 2750 1031 2796 oum
1054 2733 1240 2813 ceteroquin
1261 2733 1302 2800 ab

154 2834 268 2902 eodem
283 2839 414 2901 auctore
435 2832 577 2916 pendere
598 2837 767 2915 utrumque
788 2833 861 2899 lnce
884 2832 1000 2899 clarius
1021 2833 1126 2915 perito
1148 2840 1304 2917 appareat

154 2943 185 3003 et
205 2958 226 3003 a
247 2935 377 3004 Rohdio
400 2939 547 3002 accurate
574 2954 632 3019 per
658 2935 786 3018 singula
812 2934 943 3000 nomina
971 2933 1222 3002 demonstratum
1251 2937 1302 3003 sit.

153 3039 220 3106 Neo
235 3059 300 3106 non
315 3038 435 3105 diserte
449 3037 619 3121 respicitur
640 3037 690 3103 bis
713 3036 755 3103 ad
779 3027 961 3121 αὐλήματα,
984 3057 1016 3122 p.
1033 3039 1122 3104 6206
1135 3038 1199 3121 etf,
1222 3038 1304 3105 sicut

153 3140 222 3208 nice
238 3160 334 3207 uersa
348 3137 435 3224 apud
449 3138 624 3206 Pollucem.
640 3173 682 3183 ·—
696 3137 846 3205 (laterum
861 3139 967 3222 egisse
981 3136 1190 3223 Tryphonem
1205 3141 1303 3205 etiam

154 3240 194 3309 dc
216 3242 440 3309 saltationibus
462 3260 556 3308 nemo
578 3261 643 3307 non
671 3260 729 3324 pro
757 3246 844 3307 certo
872 3238 1036 3323 habuerit,
1065 3238 1192 3306 accedit
1219 3239 1302 3304 ultro

154 3344 240 3427 quod
267 3345 325 3409 ille
352 3343 394 3410 de
421 3340 585 3411 schemate
613 3340 751 3425 quodam
778 3341 912 3426 χορικής
940 3330 1106 3424 ὀρχήσεως
1135 3340 1225 3406 testis
1254 3343 1303 3406 est

153 3446 239 3532 apuu
260 3443 337 3511 Aah.
359 3466 391 3531 p.
406 3444 495 3510 114f.

238 3546 332 3625 Quod
355 3567 432 3613 nero
454 3545 570 3613 Rohde
591 3543 794 3611 Athenaeum
816 3549 912 3628 caput
933 3546 973 3607 27
998 3562 1039 3610 ex
1061 3543 1185 3610 duobus
1215 3543 1303 3608 dum-

153 3653 244 3716 taxat
258 3650 350 3717 libris
366 3649 575 3733 exscripsisse
590 3652 691 3733 putat,
713 3667 777 3712 non
792 3666 920 3732 possum
944 3645 975 3712 ei
997 3646 1154 3712 assentiri.
1184 3644 1304 3710 Verum

155 3755 202 3818 est
225 3771 297 3818 oum
318 3751 451 3816 Polluce
473 3750 576 3832 magis
600 3767 774 3830 congruere
801 3748 1010 3831 posteriorem
1035 3746 1150 3831 capitis
1177 3748 1303 3826 partem

156 3851 242 3932 (inde
264 3872 286 3917 a
306 3852 414 3917 uerbis
437 3847 530 3932 παρὰ
552 3847 588 3912 δὲ
604 3848 845 3934 Συρακοσίοις).
883 3848 948 3915 Sed
971 3849 1068 3914 etiam
1091 3864 1174 3928 quae
1196 3844 1302 3928 priore

154 3960 245 4037 parte
275 3953 492 4034 continentur,
527 3952 594 4016 fere
624 3949 732 4016 omnia
760 3969 799 4015 ac
829 3951 1018 4034 plerumque
1048 3945 1163 4014 eodem
1192 3946 1303 4014 ordine

155 4057 291 4124 redeunt
319 4055 407 4139 apud
437 4054 545 4136 illum,
574 4057 609 4118 ut
636 4052 706 4136 ipse
729 4049 808 4117 dicit
835 4052 885 4118 uir
913 4051 1035 4117 doctus.
1081 4047 1167 4127 Quas
1195 4054 1303 4116 autem
