2918 4748
252 341 314 398 154
594 383 597 388 ,
644 337 755 393 Carolus
774 336 904 393 Albertus
921 337 1000 406 Bapp

251 502 308 575 ἐπ’
334 501 416 597 αὐτῇ
437 507 539 595 ταύτῃ
563 510 603 594 τῇ
626 508 699 594 δίκῃ
722 509 778 573 καὶ
801 508 906 592 λέγειν
928 500 975 584 ὥς
998 499 1195 594 Ἀθήνησιν·
1222 501 1319 596 ὄγχνη
1343 500 1401 573 ἐπ’

251 608 347 699 ὄγχνῃ
377 609 547 699 γηράσκει,
577 614 676 676 σῦκον
699 603 731 674 δ’
758 607 814 676 ἐπὶ
843 608 940 695 σύκῳ.
984 611 1053 677 Iam
1082 611 1159 677 audi
1181 611 1403 695 Rudolphum:

247 711 312 782 ‘Ex
335 716 444 795 (lexici
459 715 551 790 Fau.)
573 716 674 780 inciso
697 710 804 778 παιάν
823 713 976 796 inscripto
998 712 1147 779 uidemus
1168 711 1289 779 habere
1304 713 1403 780 Athe·

249 839 366 886 naeum
388 818 462 884 libri
485 817 546 882 XV
567 836 659 900 capp.
677 820 714 879 51
731 821 762 881 et
778 817 828 898 52,
851 815 1033 881 Aristotelis
1056 813 1210 898 hymnum
1225 815 1404 901 Laertium;

250 919 304 986 hio
318 924 425 986 autem
441 918 563 985 dictum
579 920 647 984 eius
662 916 849 1003 philosophi
869 917 956 1000 quod
977 916 1151 1000 subiunxit,
1175 937 1216 984 ex
1238 919 1304 984 alio
1326 937 1405 1000 quo-

250 1023 326 1088 dam
349 1022 499 1086 lemmate
521 1021 656 1086 fortasse
678 1039 758 1086 uoce
781 1019 916 1103 πρῶτος
945 1025 1001 1084 aut
1029 1015 1195 1094 ὄικανικός
1222 1024 1278 1084 aut
1307 1017 1406 1103 λόγος

249 1124 403 1206 insignito
421 1122 550 1220 uidetgr
565 1112 831 1206 deprompsisse'.
868 1120 912 1185 At
933 1140 998 1203 qua
1019 1118 1149 1186 tandem
1171 1140 1206 1188 re
1229 1119 1405 1187 adductum

250 1232 344 1311 putas
367 1225 565 1307 Diogenem,
593 1229 628 1288 ut
650 1224 712 1289 ista
733 1223 884 1289 lemmata
906 1223 1086 1305 euolueret,
1114 1223 1143 1289 si
1165 1222 1206 1288 de
1227 1223 1404 1289 Aristotele

250 1325 375 1408 aliquid
397 1325 595 1408 quaerebat?
639 1323 716 1415 Sine
744 1324 844 1390 dubio
872 1329 1041 1407 utrumque
1070 1325 1286 1390 testimonium
1314 1323 1406 1408 apud

249 1428 445 1493 Fauorinum
467 1426 583 1493 eodem
605 1428 677 1492 loco
699 1427 882 1510 inuenerat,
913 1427 982 1493 siue
1005 1426 1046 1491 de
1069 1426 1242 1492 Aristotele
1269 1428 1338 1494 siue
1363 1428 1405 1496 de

250 1528 517 1614 philosophorum
545 1529 784 1596 accusatoribus
812 1529 859 1593 ibi
886 1547 991 1594 sermo
1020 1528 1096 1611 fuit3
1131 1528 1170 1594 cf.
1193 1529 1298 1612 ipsum
1320 1531 1404 1596 Rud.

250 1653 282 1714 p.
297 1637 350 1695 51:
370 1624 599 1696 ‘Wilamcwitz
622 1631 732 1705 „uelut
753 1650 865 1713 unum,
888 1631 1004 1713 inquit,
1028 1630 1121 1712 quasi
1143 1635 1240 1714 caput
1262 1631 1407 1700 efficiunt

250 1756 291 1802 ea
313 1753 397 1817 quae
420 1732 461 1798 de
483 1733 722 1799 accusatoribus
744 1731 1011 1816 philosophorum
1033 1739 1106 1798 sunt
1128 1731 1229 1817 (apud
1241 1732 1337 1818 Diog.
1363 1754 1407 1801 ex

250 1837 423 1920 omnigena
445 1824 639 1909 historia)“'.
677 1831 800 1912 Quibus
822 1835 920 1899 tacite
943 1834 988 1900 ibi
1010 1835 1182 1900 assentitur
1201 1833 1404 1919 Rudolphus.

250 1939 425 2005 Praeterea
439 1937 591 2003 Fauorini
613 1936 713 2002 uerba
735 1955 753 2001 e
776 1937 882 2019 capite
904 1931 1011 1999 παιάν
1032 1937 1186 2021 inscripto
1209 1939 1312 2022 petita
1333 1959 1406 2007 esse

250 2039 339 2104 nullo
362 2038 500 2120 uestigio
522 2036 676 2120 proditur.
721 2038 823 2103 Immo
852 2036 914 2103 hcc
935 2038 1056 2122 ipsum,
1088 2037 1173 2120 quod
1196 2038 1283 2121 apud
1304 2039 1405 2106 Athe·

249 2160 365 2205 naeum
388 2139 436 2205 rei
459 2137 556 2204 cardo
580 2145 638 2222 est,
662 2138 753 2205 deest
774 2139 860 2223 apud
877 2139 1066 2222 Diogenem,
1090 2141 1145 2222 qui
1165 2139 1206 2205 de
1220 2141 1405 2208 Aristotelis

247 2231 397 2325 ‘hymno'
416 2241 558 2322 loquitur
579 2241 667 2305 nullo
691 2240 899 2306 dubitationis
921 2240 1013 2323 signo
1031 2239 1153 2307 addito.
1170 2275 1210 2285 -
1232 2239 1340 2318 Quare
1362 2263 1405 2308 ne

250 2341 304 2408 hic
327 2342 456 2424 quidem
481 2341 655 2424 quidquam
678 2348 784 2425 potest
805 2341 957 2407 affirmari
982 2343 1044 2408 nisi
1067 2362 1109 2408 ex
1131 2343 1244 2408 ecdem
1266 2343 1308 2408 de
1330 2343 1405 2409 Ari·

250 2444 375 2510 stotelis
393 2444 461 2508 uita
481 2450 612 2509 auctore
632 2444 775 2527 pendere
798 2444 1079 2523 (intercedentibus
1094 2445 1168 2511 aliis
1182 2444 1403 2528 scriptoribus,

249 2545 386 2611 fortasse
404 2545 558 2628 Didymo)
581 2544 793 2629 Athenaeum,
818 2566 859 2611 ex
882 2565 944 2628 quo
967 2547 1171 2612 Fauorinum.
1209 2546 1403 2629 Negandum

249 2665 327 2712 uero
351 2652 399 2712 est
421 2652 548 2712 strenue
566 2648 718 2713 Fauorini
739 2647 846 2714 lexico
868 2649 922 2713 uel
943 2649 1050 2731 potius
1073 2648 1206 2714 historia
1229 2649 1403 2731 omnigena

249 2768 342 2815 usum
363 2747 417 2814 hic
439 2768 509 2815 esse
531 2749 761 2815 Naucratitam.

334 2849 425 2913 Nihil
441 2869 517 2932 ergo
534 2870 593 2916 nos
608 2852 694 2934 cogit
711 2851 794 2916 inter
808 2850 967 2918 Athenaei
989 2851 1030 2917 de
1052 2852 1147 2918 rebus
1169 2852 1299 2919 musicis
1322 2852 1401 2936 lyri-

250 2951 360 3032 cisque
382 2951 486 3016 fontes
509 2951 626 3017 referre
648 2951 852 3018 Fauorinum.
950 2957 960 2970 '

331 3261 405 3335 Ἐπὶ
427 3268 558 3347 τούτοις
580 3270 845 3353 καταπαύσωμεν
866 3269 925 3336 τὸν
948 3270 1053 3354 λόγον.

336 3371 503 3458 Superest,
536 3382 571 3440 ut
600 3377 822 3459 primariorum
856 3380 1019 3440 auctorum
1048 3380 1183 3441 stemma
1210 3397 1397 3462 proponam,

251 3473 337 3555 quod
360 3494 525 3559 compares
556 3498 626 3544 cum
655 3497 709 3559 ea,
739 3496 835 3558 quam
857 3477 971 3544 Rohde
999 3478 1109 3544 libello
1138 3497 1196 3544 suo
1224 3480 1398 3563 subiunxit,

250 3575 463 3657 imaguncula.
