2918 4748
201 323 244 379 De
261 323 383 378 fontibus
403 322 500 392 quibus
518 322 676 379 Athenaeus
694 322 723 379 in
739 323 821 379 rebus
838 339 908 380 mus.
926 324 976 396 lyr.
996 340 1083 382 enarr.
1104 343 1169 384 usus
1188 329 1231 385 sit.
1255 331 1311 410 *99

155 503 244 562 certe
273 516 356 579 quae
386 496 427 561 ab
457 491 683 560 ἐκπλεύσαντα
711 487 773 580 γάρ
801 497 967 582 leguntur,
996 501 1074 582 quia
1102 507 1249 569 auctores
1278 504 1312 570 in

155 597 207 663 his
229 599 433 663 nominantur
455 596 619 678 Carystius
638 597 856 681 Pergamenus
879 600 950 675 (sub
965 600 1109 668 Eumene
1124 603 1148 667 I.
1162 604 1308 668 263-41

154 703 324 783 regnante)
352 707 384 765 et
411 698 623 782 Hegesander
651 698 798 783 Delphus
833 704 903 779 (scr.
927 707 1001 784 post
1024 704 1083 767 168
1105 724 1134 769 a.
1151 704 1205 788 C.,
1234 705 1311 772 uide

154 801 304 867 Muelleri
324 799 413 866 FHG
434 800 480 866 IV
497 822 528 884 p.
542 803 626 876 412).
664 799 805 878 Quorum
829 802 984 868 memoria
1005 805 1092 888 apud
1107 805 1311 873 Athenaeum

155 909 223 968 tam
243 903 317 968 trita
338 907 402 984 est,
433 908 467 967 ut
489 902 556 969 suis
579 903 680 969 oeulis
703 923 759 970 eos
783 904 963 988 inspexisse
986 906 1043 970 uix
1065 914 1163 989 queat
1185 909 1309 991 negari.

154 1004 206 1069 De
221 1003 431 1087 Hegesandro
451 1003 490 1070 cf.
505 1004 646 1070 maxime
661 1005 694 1069 ll
707 1025 739 1089 p.
754 1007 794 1068 83
803 1005 879 1088 a,b;
902 1005 1083 1089 fragmenta
1098 1009 1167 1074 eius
1183 1015 1311 1092 praeter

154 1125 252 1171 unum
268 1106 328 1171 soli
343 1105 499 1171 debemus
514 1104 693 1172 Athenaeo.
729 1106 902 1172 Praeterea
924 1107 986 1173 ista
1008 1108 1049 1175 de
1063 1107 1187 1175 Sotade
1201 1130 1309 1177 narra-

153 1207 296 1273 tiuncula
318 1205 380 1272 heo
403 1207 474 1272 loco
497 1208 575 1273 satis
599 1213 647 1274 est
669 1198 948 1292 ἇνιροσὸιόνοσος.

239 1309 340 1373 Porro
366 1307 481 1373 suadet
508 1308 590 1373 ratio
619 1314 654 1373 ut
681 1309 779 1375 etiam
810 1328 893 1392 quae
921 1309 1119 1391 praecedunt
1146 1312 1309 1396 oapite12

153 1409 196 1475 de
211 1408 384 1493 rhapsodis
400 1409 508 1474 omnia
523 1408 628 1475 eidem
642 1408 796 1476 Aristocli
810 1410 1026 1494 assignemus;
1050 1430 1146 1493 quem
1165 1413 1199 1477 in
1217 1413 1308 1480 initio

153 1511 250 1577 huius
266 1511 491 1594 disputationis
506 1509 599 1576 uides
613 1510 781 1576 laudatum
797 1502 857 1588 (Ά.
874 1505 907 1574 ἐν
921 1511 971 1594 τῷ
986 1533 1022 1575 ιτ.
1037 1513 1167 1597 χορῶν).
1203 1513 1310 1597 Atque

153 1611 359 1678 confirmatur
381 1611 463 1677 haec
485 1613 670 1677 coniectura
693 1632 732 1678 eo
756 1612 843 1695 quod
865 1613 898 1677 in
921 1612 983 1678 hoc
1006 1615 1112 1698 capite
1128 1617 1309 1699 complures

152 1719 301 1780 auctores
323 1714 376 1779 uel
398 1712 473 1778 libri
497 1713 635 1779 citantur
656 1713 736 1778 alibi
759 1714 792 1778 in
812 1713 1095 1806 Deipnosophistis
1116 1736 1181 1782 non
1204 1717 1308 1784 obuii:

153 1813 412 1882 Chamaeleontis
427 1814 509 1900 περὶ
523 1812 737 1901 Στησιχόρου,
749 1805 953 1897 Ὀλυμπικός
975 1816 1179 1901 Dicaearchi,
1202 1819 1308 1905 Iason,

151 1917 313 2000 Lysanias
335 1916 415 2000 ντερὶ
440 1913 654 1998 ἰαμβοποιῶν
674 1915 773 1992 (redit
794 1937 859 1984 non
880 1917 944 1984 nisi
967 1917 1036 2000 VII,
1054 1919 1165 1996 304b).

237 2020 308 2084 Iam
324 2018 380 2100 qui
396 2019 463 2100 egit
477 2017 519 2083 de
534 2016 705 2102 rhapsodis
721 2017 878 2085 hilarodis
892 2018 1040 2101 magodis
1062 2017 1208 2103 lysiodis‚
1232 2039 1308 2085 eun·

152 2119 281 2186 demde
293 2118 451 2185 dicelistis
465 2119 688 2184 autooabdalis
703 2118 894 2202 ithyphallis
909 2119 1134 2206 phallophoris
1148 2121 1181 2185 in
1192 2121 1308 2187 eodem

152 2220 237 2285 libro
260 2220 450 2304 exposuisse
471 2239 577 2286 nonne
601 2238 712 2285 omnes
741 2220 977 2302 probabilitatis
1006 2239 1156 2287 numeros
1185 2219 1308 2287 habet?

151 2321 310 2387 Auotores
339 2320 512 2386 laudantur
533 2321 565 2385 in
589 2319 640 2386 his
664 2321 823 2404 capitibus
846 2323 908 2399 (15.
927 2324 977 2400 16)
1005 2319 1152 2387 Sosibius
1166 2323 1188 2398 ¹)
1210 2322 1307 2408 Laco,

151 2418 346 2500 Callimachi
368 2420 525 2503 aequalis,
548 2427 581 2486 et
601 2419 717 2487 Semus
735 2420 859 2503 Delius,
882 2421 973 2486 cuius
988 2426 1077 2487 aetas
1097 2421 1220 2487 incerta
1242 2426 1307 2504 est3

150 2523 240 2606 apud
268 2522 557 2606 Harpocrationem
586 2542 650 2588 nna
678 2542 751 2588 cum
780 2519 990 2588 Phanodemo
1017 2523 1150 2606 citatur;
1179 2523 1308 2607 scripsit

151 2625 232 2706 ττιρὶ
254 2620 434 2708 Περγάμου
456 2623 589 2706 (Suis),
617 2624 703 2691 unde
725 2624 907 2690 Attalorum
935 2631 1083 2708 tempora
1104 2624 1226 2691 uidisse
1249 2644 1307 2707 pu·

150 2726 267 2793 tandus
291 2732 339 2792 est
360 2727 573 2805 (241—133);
597 2744 639 2788 ex
657 2724 857 2807 Apollodoro
880 2724 944 2789 nisi
965 2724 1060 2788 fallor
1083 2725 1198 2789 citatur
1219 2724 1306 2809 apud

150 2827 227 2894 Ath.
243 2828 288 2892 lV
309 2846 341 2909 p.
354 2828 458 2907 173e,
482 2825 603 2910 quippe
628 2826 683 2906 qui
705 2825 899 2907 praecipuus
921 2823 1048 2888 illorum
1072 2824 1212 2909 capitum
1236 2843 1306 2890 esse

150 2934 265 3005 auctor
295 2933 328 2994 et
357 2927 516 2992 Demetrii
549 2944 677 3010 quoque
707 2925 833 3009 Scepsii
866 2924 1082 2992 testimonium
1116 2925 1307 3010 apposuisse

150 3029 310 3095 uideatur.
348 3029 439 3094 Haec
454 3029 483 3094 si
498 3032 674 3112 remeunt,
695 3026 872 3092 Aristocles
894 3031 1002 3110 potest
1017 3025 1114 3093 Semo
1130 3047 1206 3094 usus
1223 3047 1305 3095 esse.

238 3130 361 3209 Capitis
378 3132 417 3192 16
440 3128 540 3195 uerba
561 3128 637 3194 inde
660 3129 701 3194 ab
726 3123 901 3192 ἐκαλοῦντο
925 3123 962 3189 δέ
989 3127 1156 3211 usquead
1178 3127 1305 3195 Theba·

150 3253 264 3299 norum
278 3233 474 3298 mentionem
488 3249 550 3296 uec
565 3229 685 3296 Sosibii
700 3248 760 3295 nec
775 3227 864 3294 Semi
886 3227 1035 3294 uidentur
1058 3228 1116 3294 sed
1136 3230 1204 3292 eius
1224 3248 1305 3308 esse,

149 3335 208 3417 ⁴qui
222 3333 387 3415 utriusque
402 3332 583 3398 doctrinam
601 3332 798 3414 coniungens
821 3328 863 3394 de
886 3347 944 3394 suo
966 3333 1099 3411 augeat3
1124 3345 1218 3410 quem
1234 3327 1305 3392 Ari·

150 3437 285 3503 stoclem
308 3454 379 3501 esse
402 3435 435 3498 in
458 3439 608 3518 promptu
631 3437 679 3498 est
700 3431 866 3515 suspicari.
912 3428 1027 3494 Eidem
1057 3429 1164 3513 capita
1180 3431 1305 3493 12-15

150 3537 262 3602 tribuit
283 3535 398 3602 Rohde
422 3535 528 3601 causis
551 3555 615 3600 non
638 3534 795 3618 expositis
817 3532 849 3611 (l.
862 3533 883 3596 l.
908 3552 939 3616 p.
952 3534 993 3596 43
1016 3537 1080 3598 not.
1096 3534 1135 3610 1).

236 3638 288 3703 De
310 3637 416 3719 capite
434 3640 472 3700 17
496 3637 575 3702 certi
596 3635 678 3701 nihil
699 3640 805 3718 potest
827 3635 940 3718 statui;
964 3635 1027 3701 nisi
1049 3634 1137 3717 quod
1155 3635 1304 3716 Aristeae

150 3738 235 3805 liber
256 3739 337 3820 περὶ
351 3734 553 3821 κιθαρῳδῶν
571 3736 739 3803 Athenaeo
761 3736 897 3803 fortasse
921 3754 962 3801 ex
976 3736 1136 3802 Aristocle
1158 3733 1304 3816 innotuit,

239 3974 265 4037 1)
288 3969 362 4025 Idem
387 3969 420 4024 de
444 3968 662 4039 hyporehematis
686 3968 765 4025 testis
788 3972 831 4024 est
853 3970 927 4039 apud
951 3968 1043 4022 Schol.
1058 3964 1136 4020 Pind.
1160 3965 1304 4033 P.11,12r

150 4060 299 4128 (avertat
1063 4135 1102 4188 μ
