2918 4748
180 328 225 385 De
242 326 364 384 fondbus
382 327 480 398 quibus
498 325 656 383 Athenaeus
672 327 701 382 in
719 326 801 383 rebus
817 340 886 382 mas.
905 327 955 397 lyr.
974 341 1062 383 enarr.
1081 341 1146 383 usus
1164 327 1209 383 sit.
1236 326 1297 387 121

149 500 266 586 dymus
288 498 420 566 Semum
441 500 571 567 Delium
600 503 727 567 secutus
754 500 915 567 refutauit.
960 497 1094 584 Trypho
1123 498 1300 584 Didymum

149 602 320 686 descripsit
334 602 432 668 tacito
445 599 666 668 Eratosthenis
681 601 819 668 nomine.
853 602 904 667 lix
919 600 1035 668 eodem
1050 598 1192 685 Didymo
1206 599 1301 668 uides

147 703 289 787 fluxuse,
312 723 395 787 quae
412 702 487 769 Ath.
509 703 644 788 petat
668 708 809 769 exstant:
834 701 870 767 oi
892 699 928 767 dh
949 699 1060 768 ἰὀυλοι
1082 738 1124 750 -
1144 699 1300 788 Δήμητρι

149 807 352 891 πρέπουσιν·
375 841 416 852 -
439 797 595 890 οὔπιγγοι
617 802 654 868 δὲ
677 802 712 869 αἱ
736 802 783 881 εἰς
797 797 961 889 Ἄρτεμιν.
1001 805 1093 872 Hane
1115 803 1157 871 de
1180 795 1301 888 οὖνιίγ-

148 930 218 992 γοις
240 913 350 974 notam
366 913 494 993 praeter
508 905 718 991 Tryphonem
732 905 831 992 (apud
845 905 934 986 Ath.)
956 926 1037 974 unns
1059 907 1201 974 seruauit
1215 904 1300 971 Pho·

149 1011 220 1090 tius,
243 1009 352 1076 nescio
375 1029 417 1075 an
440 1029 481 1076 ex
496 1007 672 1094 Tryphone
693 1013 871 1093 receptam
895 1008 950 1092 qui
972 1028 996 1076 s.
1009 1028 1040 1075 u.
1055 1004 1167 1082 ἰὀυλος
1190 1005 1300 1074 docet:

149 1145 189 1156 -
210 1109 268 1174 καὶ
289 1099 378 1195 ᾠδῆς
398 1133 432 1174 τι
453 1111 547 1194 γένος
567 1105 697 1184 >ιὀυλος·
720 1109 776 1173 καὶ
798 1102 816 1173 ὁ
840 1104 1034 1195 προσφιλὴς
1055 1109 1096 1194 τῇ
1111 1099 1300 1190 Ἀρτέμιδι;

150 1212 203 1279 ubi
225 1211 457 1278 restituendum
481 1229 551 1278 esse
572 1216 676 1298 patet:
698 1210 754 1276 καὶ
776 1203 935 1294 οὕπιγγος
957 1203 975 1274 ὁ
998 1232 1057 1295 πρ.
1079 1234 1109 1274 τ.
1132 1200 1180 1273 Ἀ.
1188 1212 1220 1284 ¹).

232 1312 364 1380 Semum
391 1317 500 1380 autem
526 1312 709 1398 aDidymo
738 1311 919 1379 adhibitum
942 1331 1013 1379 esse
1042 1312 1140 1377 etiam
1168 1331 1200 1394 p.
1217 1310 1305 1374 617f

150 1415 281 1481 -ttsb
303 1414 458 1499 suspicor,
481 1413 537 1480 ubi
551 1412 637 1479 duae
652 1413 800 1480 diuersae
815 1411 993 1488 συναυλίας
1010 1411 1212 1479 definitiones
1227 1431 1300 1495 pro-

149 1522 322 1601 ponuntur,
350 1536 484 1600 quarum
505 1516 609 1583 altera
632 1514 721 1582 Semi
743 1521 800 1582 est.
845 1515 989 1598 Utraque
1018 1515 1103 1581 enim
1132 1519 1238 1580 exstat
1266 1514 1301 1578 in

151 1614 248 1686 schol.
263 1619 317 1684 Ar.
333 1618 392 1701 Eq.
408 1621 445 1683 9:
467 1617 634 1683 Συναυλλα
656 1617 807 1681 καλεῖται
821 1609 909 1699 ὅταν1
924 1613 983 1681 δύο
1000 1606 1141 1701 αὐληταὶ
1162 1611 1200 1678 τὸ
1218 1604 1298 1678 αὐτὸ

151 1718 315 1804 λέγουσιν·
345 1711 471 1794 ἄλλως·
504 1715 662 1796 ξυναυλία
690 1717 820 1802 λέγεται
849 1710 931 1781 ὅτὰν
959 1714 1088 1803 κιθάρα
1115 1715 1172 1782 καὶ
1201 1707 1303 1791 αὐλὸς

151 1822 321 1907 ουμφωνῇ.
366 1821 447 1887 Item
475 1821 563 1905 apud
584 1820 752 1887 Pollucem
779 1819 835 1903 1v,
851 1821 891 1884 83
921 1824 953 1886 et
981 1818 1081 1886 schol.
1103 1817 1199 1900 (δῖος.
1220 1817 1300 1884 Nan.

150 1921 227 1990 Stel.
243 1924 275 1987 Π
296 1944 329 2007 p.
341 1924 412 1987 106.
446 1920 553 1999 Quare
567 1921 710 2005 Didymo
726 1921 808 1988 haee
823 1920 930 1988 omnia
944 1920 1083 1988 tribuere
1098 1940 1163 1986 non
1177 1919 1300 1987 dubito.

148 2057 189 2071 —
213 2024 333 2091 Contra
354 2021 486 2105 plcet,
507 2021 565 2087 ubi
580 2020 692 2090 Semus
709 2024 785 2106 quin
807 2042 851 2090 ex
864 2021 1041 2107 Tryphone
1062 2021 1221 2105 laudetur,
1243 2024 1301 2089 uix

149 2126 284 2194 dubium
307 2128 365 2206 est,
387 2142 463 2188 num
485 2122 663 2190 intercedat
677 2124 844 2209 Didymus,
867 2126 979 2209 nequit
1000 2123 1181 2192 diiudicari.
1219 2126 1300 2209 Try·

150 2227 268 2312 phonis
290 2229 400 2292 auctor
422 2222 536 2291 Semus
558 2225 656 2291 etiem
678 2224 766 2309 apud
786 2225 861 2292 Ath.
877 2227 926 2291 ΠΙ
947 2248 979 2312 p.
992 2227 1086 2310 109f;
1109 2227 1149 2293 cf.
1168 2230 1228 2290 109
1236 2227 1267 2292 h.

237 2325 402 2393 Consimili
425 2345 466 2392 ex
487 2325 576 2393 fonte
590 2327 757 2393 Pollucem
776 2333 808 2393 et
821 2326 1023 2396 Athenaeum
1045 2326 1192 2394 hausisse
1212 2319 1303 2414 ᾠδῆς

150 2419 334 2509 ὀνομασίας
356 2427 461 2495 elucet
477 2427 574 2495 etiam
596 2429 780 2496 examinata
803 2427 917 2511 ἴμαίου
940 2430 1164 2515 explicatione.
1201 2431 1303 2496 Erant

236 2635 260 2694 1)
282 2627 355 2682 Ere
371 2627 494 2694 uidetur,
517 2627 650 2698 quomodo
672 2624 771 2683 ‘eundo
790 2626 917 2683 creuerit'
938 2631 987 2683 aut
1007 2634 1112 2685 mutata
1133 2630 1170 2685 sit
1192 2629 1301 2699 Didymi

151 2719 224 2780 nota,
242 2712 329 2768 obiter
341 2713 504 2768 examinare.
531 2712 642 2780 Trypho
654 2727 715 2766 cum
733 2725 822 2764 rerum
840 2711 1053 2775 combulteriam,
1070 2728 1126 2767 non
1142 2713 1302 2780 glossarium

150 2797 288 2862 tumbaret,
306 2797 375 2852 alias
392 2796 469 2852 uocis
486 2794 575 2848 ἴουλοι
591 2794 801 2863 significationes
819 2794 917 2849 missas
934 2793 1008 2850 fecit.
1040 2794 1167 2850 Seruauit
1182 2812 1232 2865 pro
1251 2811 1301 2851 suo

151 2882 262 2939 consilio
279 2881 448 2952 Hesychius;
472 2880 518 2949 qui
540 2894 609 2949 quae
631 2878 748 2934 addidit:
771 2881 843 2932 τινὲς
865 2874 896 2930 δὲ
917 2883 963 2931 κοιλ
980 2880 1031 2932 τὸν
1048 2882 1094 2934 ἐπὶ
1115 2884 1174 2934 ταῖς
1195 2877 1303 2951 ὑδρίαις

150 2965 298 3039 γενόμενον
316 2963 381 3019 ὄνον
399 2995 432 3006 -
450 2963 543 3018 ἴουλον
560 2960 683 3034 λέγουσιν
688 3003 697 3032 ,
715 2979 776 3018 cum
792 2978 880 3033 paene
898 2964 932 3018 ad
949 2963 1064 3020 uerbum
1081 2979 1212 3035 expressa
1228 2966 1302 3037 apud

150 3051 277 3107 Photium
294 3050 407 3105 redeant
424 3049 507 3119 (apud
526 3064 605 3120 quem
622 3051 685 3119 post
701 3046 864 3120 γιγνόμενον
881 3048 1014 3104 excidisse
1031 3046 1097 3104 ὄνον
1114 3054 1250 3120 apparet),
1268 3065 1302 3106 ex

150 3134 285 3190 Atticistis
297 3135 477 3205 assumpsisse
487 3134 626 3204 putandus
639 3136 695 3202 est3
713 3148 794 3203 quam
805 3148 871 3188 uero
883 3133 995 3205 insuper
1007 3133 1086 3189 affert
1100 3137 1300 3206 etymologiam:

150 3215 266 3273 ἀπὸτοῦ
278 3221 349 3273 ἰέναι
362 3213 443 3272 αὐτὰρ
454 3218 511 3285 (τὰς
522 3223 624 3288 τρίχας)
637 3213 725 3284 ehtde,
741 3217 927 3272 Herodianum
940 3220 1012 3287 sapit
1029 3233 1116 3288 neque
1134 3220 1210 3274 deest
1227 3219 1302 3287 apud

150 3305 194 3362 Et.
204 3305 242 3360 Μ.
253 3309 312 3371 472,
323 3308 365 3370 26,
383 3304 431 3359 ubi
442 3304 551 3374 Didymi
568 3307 634 3359 nota
651 3304 794 3359 exhibetur
810 3303 894 3357 uariis
911 3302 1008 3371 pannis
1026 3303 1201 3357 circumdata.
1229 3303 1302 3359 Pho·

150 3389 203 3445 tius
221 3395 313 3444 autem
330 3405 363 3443 ex
381 3389 512 3459 peculiari
530 3389 647 3458 quodam
663 3388 740 3444 fonte
751 3387 889 3458 Didymeis
903 3386 1018 3442 addidit:
1037 3380 1095 3440 dte
1106 3391 1162 3441 τοῖο
1173 3384 1304 3456 ἀμπέλοις

148 3471 258 3542 σκώληξ
276 3479 303 3528 et
319 3473 352 3528 τὸ
370 3476 416 3527 ἐπὶ
432 3477 492 3528 ταῖς
508 3469 620 3544 καρύοις
637 3470 732 3526 dehoc.
761 3472 889 3528 Eustath.
907 3489 934 3542 p.
948 3475 1011 3526 1221
1031 3471 1066 3528 ad
1083 3471 1155 3528 ΙΙ.Σ
1164 3478 1212 3529 555
1232 3489 1302 3545 qudo

150 3560 273 3629 adiungit
290 3557 379 3613 ἰούλον
398 3557 572 3629 explicationi
590 3572 624 3613 ex
639 3557 780 3614 Athenaeo
797 3557 911 3628 petitae,
934 3560 983 3613 aut
1000 3573 1033 3614 ex
1049 3558 1184 3615 Atticistis
1202 3564 1251 3614 aut
1268 3573 1302 3613 ex

148 3643 208 3715 ipso
220 3645 267 3700 Et.
277 3644 317 3700 M.
329 3644 488 3714 desumpsit.
515 3642 638 3713 Namque
650 3642 723 3712 apud
734 3643 875 3700 Atticistas
893 3643 926 3699 de
943 3643 985 3699 his
1002 3643 1085 3700 rebus
1098 3644 1191 3714 copias
1203 3646 1303 3698 uberes

149 3730 302 3800 prostitisse
329 3729 461 3784 etiamen
479 3729 560 3784 Eust.
578 3728 614 3784 ad
629 3727 661 3784 Π.
676 3731 764 3782 Συτθ
783 3729 966 3798 cognoscitur,
988 3728 1036 3784 uhi
1054 3728 1188 3784 Athenaei
1204 3727 1223 3783 l.
1235 3727 1302 3784 XIV

150 3829 210 3884 cap.
224 3819 255 3869 10
273 3815 407 3884 expilasse
425 3828 456 3870 se
473 3813 627 3868 confessus:
646 3808 684 3866 oie
701 3810 732 3865 ds
748 3818 794 3865 και
811 3810 923 3880 νιολλαι,
940 3813 1040 3883 inquit,
1058 3808 1130 3880 ᾠδαὶ
1146 3800 1225 3878 ἦσαν,
1242 3811 1302 3867 ολον

150 3897 237 3953 ἴουλον
251 3897 318 3967 κτλ,
336 3901 395 3952 ἐστὶ
412 3897 463 3951 σὺν
478 3903 524 3951 καλ
542 3895 635 3951 ἄλλοις
652 3899 682 3949 da
699 3898 759 3950 τῶν
775 3894 931 3950 παλαιῶν
948 3896 1146 3959 ἀναλέξασθαι.
1173 3896 1248 3952 Idem
1265 3899 1302 3954 ad

150 3999 177 4038 u.
188 3986 239 4037 572
257 3983 290 4038 de
307 3983 421 4039 uocibus
438 3980 529 4051 μολπί·
550 3987 579 4036 et
595 3987 731 4054 σκαίρειν,
753 3981 789 4037 ad
810 3997 837 4037 u.
849 3985 898 4038 576
920 3981 954 4038 de
970 3981 1062 4037 uerbis
1084 3976 1168 4044 δόναξ
1190 3987 1218 4038 et
1234 3976 1300 4038 ὑπο-

152 4064 246 4139 λύριον
258 4067 364 4125 Δολίοιο
376 4065 537 4138 Dionysium
553 4067 655 4122 laudat.
685 4064 843 4138 Dionysium
856 4070 973 4124 testetur
984 4066 1032 4122 Et.
1041 4065 1079 4124 Μ.
1090 4083 1113 4124 ι.
1123 4084 1151 4123 u.
1161 4065 1303 4138 κλνδαψαι.
