2918 4748
106 324 149 379 De
165 323 287 378 lontibus
304 322 402 390 quibus
420 321 575 378 Athenaeus
593 322 623 379 in
639 323 722 378 rebus
740 337 808 379 mus.
826 322 875 394 lyr.
895 338 985 379 enarr.
1004 340 1069 382 usus
1088 329 1131 383 sit.
1162 331 1222 389 133

158 495 219 560 Hic
242 495 394 577 obserua,
418 513 555 577 quaeso,
579 513 662 576 quae
685 501 717 560 ct
738 496 771 559 in
794 492 844 562 his
866 497 940 562 libri
963 497 1040 562 XIV
1064 500 1225 582 capitibus

71 597 240 682 Didymeis
263 597 349 663 etin
371 597 453 661 libro
475 597 519 661 IV
541 619 572 680 p.
588 597 809 664 182i-183c
832 601 944 679 (usque
959 598 1002 664 ad
1017 601 1117 666 Iubae
1136 622 1223 667 men·

71 700 203 776 tionem)
229 704 453 764 recenseantur
483 697 707 781 instrumenta,
737 717 776 763 ea
798 700 905 765 omnia
926 699 959 763 in
982 702 1128 784 catalogo
1151 702 1222 768 Ari·

71 800 197 866 stoneni
212 800 278 876 (uel
292 795 452 876 Phillidis)
468 799 638 881 utrobique
654 797 800 864 exhibito
823 800 959 865 inueniri
972 802 1003 877 ¹).
1041 802 1134 868 Unde
1158 805 1222 869 col·

69 902 152 986 ligas
175 900 351 984 Didymum
373 901 549 984 praemisso
572 900 757 967 Aristoxeni
783 902 854 967 loco
877 903 1003 985 singula
1032 924 1152 985 organa
1180 906 1223 971 ab

70 1004 127 1070 illo
144 1009 327 1069 enumerata
343 1003 496 1088 deinceps
520 1003 738 1087 descripsisse.
762 1039 803 1048 -
826 1004 970 1069 Platonis
992 1011 1099 1071 autem
1122 1008 1221 1089 locus,

71 1106 127 1188 qui
141 1125 205 1171 non
219 1105 282 1171 nisi
302 1105 335 1170 in
357 1105 438 1170 libro
454 1105 499 1170 IV
515 1111 629 1187 exstat,
652 1105 707 1170 ubi
730 1104 806 1187 quid
830 1106 892 1170 sibi
914 1106 993 1171 uelit
1014 1127 1144 1188 prorsus
1167 1107 1222 1172 ob·

69 1225 197 1272 scurum
210 1196 281 1289 est,
311 1212 387 1289 apte
410 1225 482 1271 cum
504 1206 561 1270 illa
583 1205 764 1272 Artemonis
787 1206 828 1271 de
850 1205 1021 1271 Timotheo
1044 1209 1222 1273 narratiun-

69 1309 143 1374 cula
165 1309 350 1374 coniunotus
373 1307 477 1371 fuerit.

156 1408 340 1475 Communis
357 1408 469 1474 horum
486 1407 628 1490 capitum
644 1408 776 1490 originis
794 1406 890 1471 ctiam
906 1407 971 1472 alia
985 1414 1057 1472 sunt
1072 1410 1219 1491 uestigia.

67 1512 105 1576 E.
118 1532 149 1594 g.
170 1531 242 1577 cum
261 1532 292 1595 p.
307 1512 395 1576 saca
413 1506 581 1596 Θεόφιλος
595 1543 637 1552 -
651 1508 708 1572 καὶ
726 1504 763 1572 τὸ
779 1509 819 1592 τῇ
840 1505 1000 1591 μαγάδιδι
1020 1505 1223 1590 διαβάλλειν

66 1610 261 1696 μαγαδίζειν
278 1612 362 1696 λέγει
379 1609 412 1677 ἐν
427 1608 560 1686 τούτοις
575 1615 629 1686 t=
644 1609 799 1693 Hesych.)
821 1609 860 1675 cf.
879 1609 1013 1676 eandem
1029 1611 1222 1678 locutionem

67 1733 100 1797 p.
117 1714 225 1779 saed:
250 1703 446 1795 Ἕρμιππος
474 1709 512 1776 τὸ
540 1707 672 1786 τούτοις
694 1706 823 1794 κρούειν
845 1708 1072 1792 κρεμβαλίζειν
1095 1709 1223 1798 εἴρηκεν

68 1811 103 1880 ἐν
125 1813 267 1890 τούτοις.
297 1850 340 1859 --
369 1835 399 1898 p.
417 1817 504 1880 6360
531 1809 720 1897 μαγάδιδας
748 1846 789 1855 -
816 1811 872 1874 καὶ
901 1805 985 1874 ἄλλα
1009 1803 1039 1873 δ’
1065 1797 1222 1895 ἦνπαρὰ

64 1918 172 1980 ταῦτα
205 1916 260 1980 καὶ
293 1913 472 1997 βάρβιτοςι
509 1915 547 1980 cf.
573 1915 628 1998 IV,
647 1916 707 1978 182
741 1910 886 1996 μάγαδις
918 1904 1057 1995 δργανον
1088 1909 1223 1977 ἐ’ντατον

64 2015 228 2102 καθάπερ
251 2016 307 2079 καὶ
330 2049 372 2060 -
393 2011 559 2097 βάρβιτος.
601 2036 632 2097 p.
646 2016 731 2080 osef
748 2015 873 2098 Δοῦρίς
895 2032 997 2099 φησιν
1020 2004 1224 2096 ὠνομάσθαι

64 2109 129 2202 τὴν
151 2115 297 2202 μάγαδιν
315 2107 383 2179 άπὸ
400 2111 559 2198 Μάγδιος
575 2112 704 2199 Θρᾳκὸς
726 2118 834 2198 γένοςε
858 2115 920 2181 huc
936 2115 1068 2198 respicit
1090 2137 1121 2201 p.
1134 2118 1224 2183 esta

66 2215 149 2284 οἶδα
172 2217 284 2282 δὲκαὶ
307 2210 387 2281 ἄλλο
410 2209 558 2300 ὄργανον,
581 2207 609 2299 ᾦ
625 2217 691 2280 τῶν
708 2219 846 2303 Θρᾳκῶν
869 2215 901 2280 οἱ
923 2217 1074 2298 βασιλεῖς
1097 2214 1131 2280 ἐν
1151 2229 1223 2293 τοῖς

67 2319 223 2396 δείπνοις
242 2320 397 2405 χρῶνται.
419 2353 458 2365 -
482 2317 632 2384 Ceterum
655 2339 750 2400 quam
772 2319 929 2386 lubricum
951 2321 992 2385 sit
1014 2319 1101 2403 apud
1122 2318 1222 2384 Athe·

67 2441 185 2488 naeum
201 2442 242 2488 ex
258 2419 387 2487 dicendi
402 2420 573 2503 generibus
592 2427 624 2486 et
640 2421 835 2486 locutionum
857 2420 1066 2487 similitudine
1088 2421 1222 2487 fontium

70 2525 210 2607 uestigia
232 2528 320 2588 certa
341 2527 461 2606 petere,
484 2523 581 2607 periti
602 2529 726 2587 norunt.

154 2623 386 2708 Apollodorum
409 2644 480 2707 cap.
498 2626 537 2686 40
560 2623 726 2688 laudatum
745 2623 879 2702 Didymi
903 2629 1065 2687 auctorem
1088 2623 1222 2703 depren-

71 2727 175 2793 dimus
205 2726 301 2791 etiam
329 2724 417 2808 apud
440 2722 582 2804 Hesych.
605 2743 630 2786 s.
646 2742 675 2786 u.
699 2717 939 2802 παριαμβίδας·
968 2713 1224 2805 Ἀπολλόδωρος

70 2824 163 2911 παρά
179 2822 257 2903 τούς
275 2823 416 2908 ἰάμβους
433 2820 535 2897 αύτάς
551 2840 635 2908 φησι
650 2820 876 2904 πεποιῆσθαι,
901 2816 957 2895 ούς
980 2818 1012 2884 σί
1034 2819 1221 2904 κιθαρῳδοὶ

71 2923 218 3017 ᾄδουσιν.
256 2929 390 3012 Didymi
413 2927 591 2992 doctrinam
612 2943 671 3008 per
686 2920 894 3006 Tryphonem
917 2921 1071 2989 uidelicet
1092 2942 1223 3007 recepe·

70 3040 143 3099 runt
157 3033 238 3098 Poll.
254 3032 309 3114 IV,
321 3032 361 3094 83
386 3024 504 3109 ἷάμβοι
520 3025 577 3089 καὶ
592 3023 817 3109 παριαμβίδες
840 3021 937 3106 νόμοι
958 3021 1222 3110 κιθαριστήριοι,

72 3131 121 3210 οἷς
142 3135 199 3199 καί
221 3128 431 3217 προσηύλοον
454 3134 486 3194 et
506 3125 598 3193 Phot.
615 3147 639 3193 s.
653 3147 682 3191 u.
699 3129 902 3209 παρίαμβοι·
925 3127 979 3191 καὶ
996 3126 1223 3209 παριαμβίδας

71 3236 126 3300 καὶ
149 3235 284 3317 ἰἀμβοι·
314 3224 412 3314 νόμον
438 3227 659 3314 κιθαρῳδικοὶ
690 3224 741 3302 οἷς
769 3224 989 3310 προσηύλοον.
1033 3229 1063 3290 Α
1084 3229 1222 3309 pariam-

71 3337 146 3404 bide
162 3357 227 3404 non
242 3336 371 3402 diuersa
387 3339 435 3401 est
449 3333 607 3415 iambum,
631 3330 673 3395 de
689 3349 752 3413 qua
766 3327 841 3392 Ath.
857 3326 1084 3409 xivpasch
1108 3326 1222 3391 eadem

70 3439 316 3621 traduffipmus
344 3533 506 3600 Athenaei
537 3536 648 3596 auctor
680 3535 832 3613 quantum
862 3527 979 3595 debeat
1007 3529 1124 3613 Iubae,
1158 3549 1222 3594 non

71 3660 240 3726 possumus
269 3638 460 3704 discernere.
506 3632 687 3697 Artemonis
715 3653 752 3694 π.
784 3626 966 3716 ζωγράφων
995 3632 1111 3695 librum
1141 3629 1223 3692 Iuba

71 3742 199 3809 uidetur
221 3739 407 3807 adhibuisse
431 3733 604 3802 secundum
619 3732 774 3816 Harpocr.
790 3752 814 3798 s.
828 3753 857 3797 u.
874 3728 1102 3814 Πολύγνωτος.
1140 3727 1221 3792 Cum

71 3843 274 3912 Menaechmi
304 3840 344 3906 de
376 3836 508 3923 Sappho
541 3833 721 3900 testimonio
748 3840 942 3916 congruunt,
973 3850 1054 3913 quae
1085 3829 1224 3910 legimus

162 4066 186 4128 l)
203 4060 359 4129 Παριαμβίε
375 4070 402 4124 p.
415 4055 485 4106 1830
502 4066 557 4104 non
575 4049 682 4104 diuersa
699 4052 740 4101 est
758 4061 775 4100 a
792 4046 926 4100 iambuca.
