2918 4748
247 364 288 423 98
619 359 736 414 Carolus
751 357 881 412 Albertns
899 357 979 427 Bupp

333 537 403 601 Iam
429 541 630 600 transeamus
659 529 702 597 ad
729 548 768 596 ea
796 549 881 613 quae
907 529 1061 596 Aristocli
1089 528 1176 613 apud
1204 527 1413 594 Athenaeum

249 637 364 703 deberi
386 641 509 702 certum
531 640 589 700 est.

334 739 372 802 In
393 737 477 803 libro
492 735 537 800 IV
559 754 624 801 non
641 733 705 799 nisi
721 732 762 798 de
776 732 936 817 hydraulo
952 752 1073 816 organo
1088 731 1247 798 laudatur.
1280 731 1411 797 Nomen

248 839 366 922 legitur
387 838 526 920 primum
547 836 564 900 I
583 855 616 919 p.
629 837 713 918 lla,
742 833 798 900 ubi
827 835 918 900 testis
945 840 994 899 est
1015 834 1190 900 Aristocles
1213 833 1255 899 dc
1277 833 1411 899 Teleste

248 938 405 1023 Aeschyli
425 938 588 1020 saltatore,
612 937 668 1019 qui
683 935 816 1019 Septem
830 935 973 1000 fabulam
988 935 1213 1002 admirabilem
1228 935 1262 999 in
1276 933 1410 1000 modum

251 1040 363 1126 egerit.
407 1039 479 1105 Hoc
499 1039 613 1121 procul
635 1036 734 1103 dubio
756 1038 899 1103 narrauit
921 1037 954 1101 in
977 1037 1060 1103 libro
1082 1037 1139 1102 illo
1161 1058 1199 1100 ιι.
1220 1035 1344 1120 χορῶν,
1369 1055 1411 1101 ex

251 1162 314 1224 quo
330 1141 427 1207 etiam
441 1140 497 1221 IV,
512 1143 598 1205 1740
619 1139 835 1205 testimonium
856 1138 925 1205 eius
947 1139 1076 1222 petitur.
1112 1137 1205 1204 Idem
1227 1156 1309 1222 opus
1332 1136 1409 1203 cita-

250 1250 301 1307 tur
322 1241 410 1323 XIV,
426 1243 488 1304 620
496 1242 528 1322 b,
551 1239 607 1306 ubi
629 1240 724 1306 docet
738 1240 914 1306 Aristocles
937 1229 991 1303 ὅτι
1010 1235 1186 1303 ἐκαλοῦντο
1203 1237 1236 1303 οἱ
1250 1235 1411 1324 ῥαψῳδοὶ

249 1342 307 1406 καὶ
329 1336 519 1426 ὁμηρισταί.
563 1342 623 1407 His
644 1342 725 1407 locis
748 1342 938 1426 simpliciter
959 1337 993 1405 ἐν
1016 1342 1064 1424 τῷ
1087 1363 1125 1405 τι.
1145 1341 1254 1425 χοριῦυ
1274 1341 1411 1422 legitur;

249 1450 361 1512 contra
377 1439 411 1508 ἐκ
424 1439 453 1506 α’
467 1465 504 1508 ιι.
517 1444 626 1527 χορῶν
641 1443 729 1526 XIV,
742 1443 834 1508 620d
853 1443 896 1509 de
910 1442 1067 1509 hilarodis
1082 1442 1265 1526 disputasse
1281 1441 1410 1508 dicitur.

248 1545 418 1628 Sequitur:
448 1542 622 1628 καταλέγει
645 1541 681 1608 δὲ
704 1536 721 1607 ὁ
747 1535 958 1629 Ἀριστοκλῆς
979 1544 1036 1608 καλ
1057 1541 1177 1608 τούσδε
1203 1540 1238 1607 ἐν
1260 1544 1308 1627 τῆ
1330 1543 1410 1626 περὶ

251 1647 411 1729 μουσικῆς
438 1646 506 1710 κτλ.
542 1635 771 1728 Ἀριστόξενος
794 1642 831 1708 δέ
856 1661 957 1730 φησι·
981 1680 1023 1691 -
1050 1646 1089 1710 In
1117 1645 1285 1712 duobusne
1311 1645 1413 1728 igitur

253 1746 390 1812 diuersis
419 1747 511 1812 libris
539 1747 718 1813 Aristocles
748 1747 815 1829 egit
842 1746 885 1812 de
914 1745 1088 1830 hilarodis,
1116 1747 1272 1814 ambobus
1301 1752 1410 1811 autem

252 1846 438 1914 Athenaeus
460 1867 536 1914 usus
559 1847 632 1914 cst?
665 1846 763 1913 Credi
785 1848 843 1912 nix
864 1853 980 1932 potest.
1019 1846 1126 1926 Quare
1141 1850 1279 1914 Eruinus
1294 1845 1412 1912 Rohde

251 1949 286 2014 in
307 1948 493 2015 doctissima
514 1949 556 2014 de
577 1948 721 2014 Pollucis
742 1949 883 2015 fontibus
906 1951 1191 2033 commentatione,
1221 1969 1285 2032 qua
1307 1947 1408 2013 Athe·

252 2051 327 2115 naei
349 2068 477 2133 quoquo
498 2050 602 2115 fontes
624 2049 740 2133 attigit,
763 2070 784 2115 a
804 2050 944 2117 librariis
967 2070 1139 2135 perperam
1159 2051 1331 2117 Aristoclis
1353 2070 1409 2115 no·

252 2154 331 2219 mini
352 2151 550 2235 adscriptum
573 2156 665 2235 putat
686 2151 824 2235 titulum,
848 2172 944 2235 quem
967 2151 1123 2218 deberent
1139 2153 1333 2219 Aristoxeno
1355 2153 1410 2228 (cf.

253 2275 286 2338 p.
299 2252 393 2318 eled
413 2243 643 2336 Ἀριστόξενος
659 2248 693 2316 ἐν
710 2249 737 2314 δ’
750 2253 830 2337 περὶ
851 2253 1040 2337 μσυσικῆς);
1062 2255 1198 2320 fortasse
1218 2260 1323 2336 recte;
1347 2254 1411 2319 nisi

252 2356 329 2421 libri
350 2377 387 2417 ιτ.
406 2354 515 2437 χορῶν
536 2373 613 2437 pars
634 2354 724 2420 fuere
746 2355 876 2421 maioris
899 2354 979 2436 περὶ
1000 2356 1160 2440 μουσικῆς
1183 2357 1301 2440 operis.

339 2454 480 2521 Octauus
502 2454 582 2538 περὶ
601 2455 709 2538 χορῶν
738 2456 821 2521 liber
849 2456 999 2522 laudatur
1027 2478 1059 2541 p.
1077 2457 1167 2524 630b
1196 2458 1237 2524 de
1268 2457 1411 2540 satyrica

254 2556 427 2623 saltatione
456 2576 477 2621 a
504 2555 698 2637 quibusdam
726 2557 843 2621 cicinni
870 2559 1043 2623 nominata.
1087 2559 1224 2642 Magnus
1252 2579 1330 2624 sane
1362 2566 1411 2624 est

253 2658 410 2725 librorum
431 2676 580 2723 numerus
603 2657 662 2723 sed
684 2678 759 2723 num
783 2659 991 2743 corrigendus
1013 2659 1055 2726 sit
1076 2660 1205 2741 dubit03
1232 2682 1308 2726 nam
1330 2661 1411 2726 satis

139 2804 144 2817 ·
253 2759 395 2844 amplam
409 2759 509 2825 fuisse
530 2760 638 2842 operis
658 2762 827 2827 materiam
848 2782 867 2828 e
888 2762 1086 2846 fragmentis,
1110 2782 1138 2828 e.
1153 2784 1184 2847 g.
1201 2783 1243 2828 ex
1258 2761 1411 2846 hydrauli

254 2863 387 2944 copiosa
408 2861 570 2924 mentione
593 2862 741 2926 cernitur.
764 2897 806 2907 —
835 2863 885 2927 De
915 2862 1071 2930 hilarodis
1100 2883 1209 2930 rursus
1229 2864 1411 2930 Aristocles

254 2960 370 3024 citatur
392 2978 423 3041 p.
441 2959 530 3022 6211)
561 2959 630 3024 sine
652 2960 763 3043 titulo,
794 2962 948 3028 uidelicet
970 2965 1052 3030 sicut
1074 2985 1171 3047 supra
1199 2986 1241 3030 ex
1269 2966 1354 3032 libro
1378 2964 1410 3030 α’

254 3058 335 3143 περὶ
355 3059 472 3143 χοροῖο.

340 3159 425 3226 Hine
446 3161 587 3226 nascitur
608 3162 750 3245 suspicio
772 3167 873 3228 totam
895 3161 979 3228 hanc
1007 3162 1048 3228 de
1077 3162 1234 3230 hilarodis
1259 3165 1412 3246 magodis

253 3261 392 3346 lysiodis
407 3261 658 3345 disputationem
673 3283 715 3329 cx
728 3263 888 3329 Aristocle
905 3283 976 3328 esse
998 3262 1210 3346 desumptam.
1246 3265 1329 3330 Nam
1353 3272 1411 3350 qni

254 3364 342 3429 solus
363 3370 491 3446 praeter
512 3364 607 3430 istum
630 3363 744 3431 dehis
767 3364 888 3430 artibus
911 3364 1060 3429 laudatur
1081 3365 1308 3451 Aristoxenus,
1333 3387 1409 3436 eum

256 3464 299 3528 ah
314 3462 474 3529 Aristocle
489 3463 671 3531 adhibitum
693 3487 765 3531 cum
787 3466 841 3548 IV,
855 3470 940 3532 1740
963 3473 995 3532 et
1016 3467 1102 3552 XIV,
1116 3468 1207 3532 oeob
1228 3468 1412 3555 uideamus,

254 3584 319 3630 non
334 3569 383 3629 est
398 3583 454 3628 cur
468 3561 523 3629 hic
537 3565 633 3630 aliter
653 3586 722 3632 rcrn
745 3587 780 3634 se
803 3568 922 3635 habere
944 3568 1133 3635 iudicemus.
1170 3570 1307 3636 Accedit
1321 3573 1410 3654 quod

254 3670 328 3749 post
355 3662 455 3729 uerba
476 3663 534 3729 illa
555 3664 728 3749 καταλέγει
751 3666 787 3732 δὲ
808 3669 864 3734 καὶ
885 3667 1005 3734 τούσδε
1027 3664 1044 3734 ὁ
1067 3662 1282 3756 Ἀριστοκλῆς
1304 3667 1338 3736 ἐν
1360 3675 1411 3758 τῴ

255 3765 334 3851 περὶ
349 3765 509 3849 μουσικῆς
523 3764 662 3851 γράφων
678 3760 744 3832 ὦδε
765 3790 830 3835 non
850 3778 975 3856 septem
988 3777 1111 3838 tantum
1125 3774 1293 3840 Aristoclis
1308 3775 1411 3842 uerba

256 3872 482 3950 exspectamus
504 3867 563 3933 sed
585 3870 774 3953 ampliorem
796 3874 987 3956 catalogum.
1025 3871 1115 3950 Quae
1136 3894 1214 3941 uero
1230 3874 1271 3941 de
1286 3874 1411 3944 Sotade

255 3965 444 4052 referuntur,
467 3967 653 4036 Aristoxeni
671 3991 735 4038 non
750 3980 885 4056 possunt
906 3993 978 4039 esse
999 3982 1131 4058 propter
1153 3983 1307 4061 tempora.
1343 3977 1410 4044 Ne-

257 4085 321 4150 que
341 4066 494 4135 Aristocli
516 4072 620 4139 ausim
641 4073 781 4141 tribuere
808 4094 891 4157 quae
919 4075 995 4141 inde
1023 4097 1044 4141 a
1072 4078 1171 4143 uerbo
1199 4070 1328 4162 ῆκμασε
1356 4081 1411 4145 uel
