<?xml version="1.0" encoding="UTF-8"?>
<!DOCTYPE html PUBLIC "-//W3C//DTD XHTML 1.0 Transitional//EN"
    "http://www.w3.org/TR/xhtml1/DTD/xhtml1-transitional.dtd">
<html xmlns="http://www.w3.org/1999/xhtml" xml:lang="en" lang="en">
 <head>
  <title>
</title>
<meta http-equiv="Content-Type" content="text/html;charset=utf-8" />
  <meta name='ocr-system' content='tesseract 3.04.00' />
  <meta name='ocr-capabilities' content='ocr_page ocr_carea ocr_par ocr_line ocrx_word'/>
</head>
<body>
  <div class='ocr_page' id='page_1' title='image "./defontibusquibu00bappgoog_0090.png"; bbox 0 0 2918 4748; ppageno 0'>
   <div class='ocr_carea' id='block_1_1' title="bbox 187 345 1304 417">
    <p class='ocr_par' dir='ltr' id='par_1_1' title="bbox 187 345 1304 417">
     <span class='ocr_line' id='line_1_1' title="bbox 187 345 1304 417; baseline 0.003 -14"><span class='ocrx_word' id='word_1_1' title='bbox 187 347 231 402; x_wconf 88' lang='lat' dir='ltr'><strong>De</strong></span> <span class='ocrx_word' id='word_1_2' title='bbox 248 345 369 403; x_wconf 82' lang='lat' dir='ltr'><strong>tontibus</strong></span> <span class='ocrx_word' id='word_1_3' title='bbox 388 346 486 417; x_wconf 87' lang='lat' dir='ltr'><strong>quibus</strong></span> <span class='ocrx_word' id='word_1_4' title='bbox 504 348 662 402; x_wconf 71' lang='lat' dir='ltr'>Athenaeus</span> <span class='ocrx_word' id='word_1_5' title='bbox 680 348 709 401; x_wconf 89' lang='lat' dir='ltr'><strong>iu</strong></span> <span class='ocrx_word' id='word_1_6' title='bbox 726 346 807 402; x_wconf 88' lang='lat' dir='ltr'><strong>rebus</strong></span> <span class='ocrx_word' id='word_1_7' title='bbox 824 362 893 402; x_wconf 90' lang='lat' dir='ltr'><strong>mus.</strong></span> <span class='ocrx_word' id='word_1_8' title='bbox 911 347 961 417; x_wconf 86' lang='lat' dir='ltr'><strong>lyr.</strong></span> <span class='ocrx_word' id='word_1_9' title='bbox 980 361 1069 403; x_wconf 86' lang='lat' dir='ltr'><strong>enarr.</strong></span> <span class='ocrx_word' id='word_1_10' title='bbox 1087 361 1153 403; x_wconf 92' lang='lat' dir='ltr'><strong>usus</strong></span> <span class='ocrx_word' id='word_1_11' title='bbox 1171 348 1213 403; x_wconf 87' lang='lat' dir='ltr'><strong>sit.</strong></span> <span class='ocrx_word' id='word_1_12' title='bbox 1244 347 1304 407; x_wconf 83' lang='lat'><strong>153</strong></span> 
     </span>
    </p>
   </div>
   <div class='ocr_carea' id='block_1_2' title="bbox 150 519 1305 909">
    <p class='ocr_par' dir='ltr' id='par_1_2' title="bbox 150 519 1305 909">
     <span class='ocr_line' id='line_1_2' title="bbox 152 519 1304 603; baseline -0.003 -16"><span class='ocrx_word' id='word_1_13' title='bbox 152 526 277 587; x_wconf 89' lang='lat' dir='ltr'><strong>tantum</strong></span> <span class='ocrx_word' id='word_1_14' title='bbox 300 525 372 586; x_wconf 90' lang='lat' dir='ltr'><strong>sunt</strong></span> <span class='ocrx_word' id='word_1_15' title='bbox 392 520 473 602; x_wconf 89' lang='lat' dir='ltr'><strong>loci,</strong></span> <span class='ocrx_word' id='word_1_16' title='bbox 505 519 661 602; x_wconf 82' lang='lat' dir='ltr'><strong>equibus</strong></span> <span class='ocrx_word' id='word_1_17' title='bbox 683 519 803 603; x_wconf 78' lang='lat' dir='ltr'>pendet</span> <span class='ocrx_word' id='word_1_18' title='bbox 831 519 995 586; x_wconf 90' lang='lat' dir='ltr'><strong>iudicium.</strong></span> <span class='ocrx_word' id='word_1_19' title='bbox 1039 519 1130 586; x_wconf 91' lang='lat' dir='ltr'><strong>Alter</strong></span> <span class='ocrx_word' id='word_1_20' title='bbox 1160 526 1208 586; x_wconf 90' lang='lat' dir='ltr'><strong>est</strong></span> <span class='ocrx_word' id='word_1_21' title='bbox 1229 519 1304 586; x_wconf 91' lang='lat' dir='ltr'><strong>Ath.</strong></span> 
     </span>
     <span class='ocr_line' id='line_1_3' title="bbox 152 613 1305 705; baseline -0.002 -17"><span class='ocrx_word' id='word_1_22' title='bbox 152 622 232 688; x_wconf 87' lang='lat' dir='ltr'><strong>XIV</strong></span> <span class='ocrx_word' id='word_1_23' title='bbox 253 642 286 705; x_wconf 88' lang='lat' dir='ltr'><strong>p.</strong></span> <span class='ocrx_word' id='word_1_24' title='bbox 298 623 404 705; x_wconf 76' lang='grc'><strong>6206,</strong></span> <span class='ocrx_word' id='word_1_25' title='bbox 433 621 488 688; x_wconf 94' lang='lat' dir='ltr'><strong>ubi</strong></span> <span class='ocrx_word' id='word_1_26' title='bbox 511 621 551 687; x_wconf 89' lang='lat' dir='ltr'><strong>de</strong></span> <span class='ocrx_word' id='word_1_27' title='bbox 574 620 744 705; x_wconf 90' lang='lat' dir='ltr'><strong>rhapsodis</strong></span> <span class='ocrx_word' id='word_1_28' title='bbox 773 621 892 705; x_wconf 82' lang='lat' dir='ltr'><strong>agitur:</strong></span> <span class='ocrx_word' id='word_1_29' title='bbox 922 655 963 666; x_wconf 93' lang='lat'>-</span> <span class='ocrx_word' id='word_1_30' title='bbox 986 617 1063 696; x_wconf 75' lang='grc' dir='ltr'><strong>τυδς</strong></span> <span class='ocrx_word' id='word_1_31' title='bbox 1086 619 1121 685; x_wconf 82' lang='grc' dir='ltr'><strong>δὲ</strong></span> <span class='ocrx_word' id='word_1_32' title='bbox 1140 613 1305 703; x_wconf 80' lang='grc' dir='ltr'><em>Ἐμπεδο-</em></span> 
     </span>
     <span class='ocr_line' id='line_1_4' title="bbox 150 713 1304 809; baseline 0.001 -23"><span class='ocrx_word' id='word_1_33' title='bbox 150 723 266 799; x_wconf 79' lang='grc' dir='ltr'><strong><em>κλέους</em></strong></span> <span class='ocrx_word' id='word_1_34' title='bbox 286 718 484 807; x_wconf 75' lang='grc' dir='ltr'><em>καδαρμοδς</em></span> <span class='ocrx_word' id='word_1_35' title='bbox 509 717 747 808; x_wconf 72' lang='grc' dir='ltr'><strong><em>ἐρραψῴδησεν</em></strong></span> <span class='ocrx_word' id='word_1_36' title='bbox 764 713 969 804; x_wconf 82' lang='grc' dir='ltr'><em>Ὀλυμπίασι</em></span> <span class='ocrx_word' id='word_1_37' title='bbox 992 723 1180 809; x_wconf 79' lang='grc' dir='ltr'><em>Κλεομένης</em></span> <span class='ocrx_word' id='word_1_38' title='bbox 1202 717 1219 788; x_wconf 89' lang='grc' dir='ltr'><em>δ</em></span> <span class='ocrx_word' id='word_1_39' title='bbox 1244 723 1304 809; x_wconf 87' lang='grc' dir='ltr'><strong>ῥα-</strong></span> 
     </span>
     <span class='ocr_line' id='line_1_5' title="bbox 151 814 1305 909; baseline 0.003 -22"><span class='ocrx_word' id='word_1_40' title='bbox 151 821 288 909; x_wconf 80' lang='grc' dir='ltr'><em>ψῳδός,</em></span> <span class='ocrx_word' id='word_1_41' title='bbox 320 814 365 898; x_wconf 77' lang='grc' dir='ltr'><strong>ὥς</strong></span> <span class='ocrx_word' id='word_1_42' title='bbox 388 843 472 909; x_wconf 88' lang='grc' dir='ltr'><em>φησι</em></span> <span class='ocrx_word' id='word_1_43' title='bbox 494 826 697 908; x_wconf 85' lang='grc' dir='ltr'><em>Δικαίαρχος</em></span> <span class='ocrx_word' id='word_1_44' title='bbox 720 821 755 887; x_wconf 79' lang='grc' dir='ltr'><strong>ἐν</strong></span> <span class='ocrx_word' id='word_1_45' title='bbox 776 825 824 907; x_wconf 74' lang='grc' dir='ltr'><strong>τη]</strong></span> <span class='ocrx_word' id='word_1_46' title='bbox 842 815 1044 908; x_wconf 73' lang='grc' dir='ltr'><em>Ὀλυμπικῷ.</em></span> <span class='ocrx_word' id='word_1_47' title='bbox 1090 824 1221 891; x_wconf 78' lang='lat' dir='ltr'><strong>Confert</strong></span> <span class='ocrx_word' id='word_1_48' title='bbox 1242 827 1305 890; x_wconf 90' lang='lat' dir='ltr'><strong>Ru·</strong></span> 
     </span>
    </p>
   </div>
   <div class='ocr_carea' id='block_1_3' title="bbox 150 917 1307 4159">
    <p class='ocr_par' dir='ltr' id='par_1_3' title="bbox 150 917 1307 3241">
     <span class='ocr_line' id='line_1_6' title="bbox 153 917 1306 1011; baseline -0.003 -19"><span class='ocrx_word' id='word_1_49' title='bbox 153 925 294 1011; x_wconf 83' lang='lat' dir='ltr'><strong>delphus</strong></span> <span class='ocrx_word' id='word_1_50' title='bbox 321 926 417 1010; x_wconf 83' lang='lat' dir='ltr'><strong>Diog.</strong></span> <span class='ocrx_word' id='word_1_51' title='bbox 434 925 520 1008; x_wconf 87' lang='lat' dir='ltr'>VIII,</span> <span class='ocrx_word' id='word_1_52' title='bbox 537 929 577 990; x_wconf 77' lang='lat'><strong>63</strong></span> <span class='ocrx_word' id='word_1_53' title='bbox 607 927 660 1003; x_wconf 87' lang='lat' dir='ltr'><strong>(de</strong></span> <span class='ocrx_word' id='word_1_54' title='bbox 682 926 908 1010; x_wconf 79' lang='lat' dir='ltr'><strong>Empedoclelz</strong></span> <span class='ocrx_word' id='word_1_55' title='bbox 941 917 1078 1001; x_wconf 76' lang='grc' dir='ltr'><strong>Αὐτοδς</strong></span> <span class='ocrx_word' id='word_1_56' title='bbox 1107 924 1142 990; x_wconf 80' lang='grc' dir='ltr'><strong>δὲ</strong></span> <span class='ocrx_word' id='word_1_57' title='bbox 1168 924 1306 1002; x_wconf 79' lang='grc' dir='ltr'><em>τούτους</em></span> 
     </span>
     <span class='ocr_line' id='line_1_7' title="bbox 152 1018 1305 1112; baseline -0.001 -20"><span class='ocrx_word' id='word_1_58' title='bbox 152 1024 231 1102; x_wconf 86' lang='grc' dir='ltr'><strong>τσδς</strong></span> <span class='ocrx_word' id='word_1_59' title='bbox 258 1023 456 1112; x_wconf 73' lang='grc' dir='ltr'><em>καθαρμοὺς</em></span> <span class='ocrx_word' id='word_1_60' title='bbox 486 1023 519 1091; x_wconf 79' lang='grc' dir='ltr'><strong>δν</strong></span> <span class='ocrx_word' id='word_1_61' title='bbox 537 1018 706 1112; x_wconf 76' lang='grc' dir='ltr'><strong><em>Ὀλυμπίᾳ</em></strong></span> <span class='ocrx_word' id='word_1_62' title='bbox 736 1024 1018 1112; x_wconf 77' lang='grc' dir='ltr'><em>διαρραψηιδησαι</em></span> <span class='ocrx_word' id='word_1_63' title='bbox 1048 1026 1177 1111; x_wconf 78' lang='grc' dir='ltr'><em>λέγεται</em></span> <span class='ocrx_word' id='word_1_64' title='bbox 1200 1026 1305 1091; x_wconf 85' lang='grc' dir='ltr'><em>Κλεο-</em></span> 
     </span>
     <span class='ocr_line' id='line_1_8' title="bbox 152 1119 1306 1229; baseline 0 -35"><span class='ocrx_word' id='word_1_65' title='bbox 152 1132 253 1216; x_wconf 80' lang='grc' dir='ltr'><strong><em>μένης</em></strong></span> <span class='ocrx_word' id='word_1_66' title='bbox 274 1125 333 1194; x_wconf 90' lang='grc' dir='ltr'><strong>τδν</strong></span> <span class='ocrx_word' id='word_1_67' title='bbox 348 1124 520 1215; x_wconf 79' lang='grc' dir='ltr'><em>ῥαψῳδόν,</em></span> <span class='ocrx_word' id='word_1_68' title='bbox 545 1122 590 1203; x_wconf 80' lang='grc' dir='ltr'><strong>ὦς</strong></span> <span class='ocrx_word' id='word_1_69' title='bbox 612 1129 667 1192; x_wconf 90' lang='grc' dir='ltr'><strong>καὶ</strong></span> <span class='ocrx_word' id='word_1_70' title='bbox 686 1131 883 1213; x_wconf 78' lang='grc' dir='ltr'><em>Φαβωρῖνος</em></span> <span class='ocrx_word' id='word_1_71' title='bbox 906 1125 939 1192; x_wconf 77' lang='grc' dir='ltr'><strong>ἓν</strong></span> <span class='ocrx_word' id='word_1_72' title='bbox 956 1119 1306 1229; x_wconf 74' lang='grc' dir='ltr'><em>ἀπομνημονεύμασιν.</em></span> 
     </span>
     <span class='ocr_line' id='line_1_9' title="bbox 152 1229 1305 1316; baseline -0.002 -18"><span class='ocrx_word' id='word_1_73' title='bbox 152 1231 221 1298; x_wconf 88' lang='lat' dir='ltr'><strong>Nos</strong></span> <span class='ocrx_word' id='word_1_74' title='bbox 244 1250 343 1316; x_wconf 88' lang='lat' dir='ltr'><strong>snpra</strong></span> <span class='ocrx_word' id='word_1_75' title='bbox 364 1250 395 1314; x_wconf 93' lang='lat' dir='ltr'><strong>p.</strong></span> <span class='ocrx_word' id='word_1_76' title='bbox 409 1234 450 1294; x_wconf 85' lang='grc'><strong>99</strong></span> <span class='ocrx_word' id='word_1_77' title='bbox 470 1229 630 1296; x_wconf 79' lang='lat' dir='ltr'><strong>Athenaei</strong></span> <span class='ocrx_word' id='word_1_78' title='bbox 653 1236 749 1314; x_wconf 90' lang='lat' dir='ltr'><strong>caput</strong></span> <span class='ocrx_word' id='word_1_79' title='bbox 769 1230 922 1297; x_wconf 88' lang='lat' dir='ltr'><strong>Aristocli</strong></span> <span class='ocrx_word' id='word_1_80' title='bbox 945 1230 1123 1313; x_wconf 84' lang='lat' dir='ltr'><strong>tribuimus,</strong></span> <span class='ocrx_word' id='word_1_81' title='bbox 1144 1250 1205 1296; x_wconf 89' lang='lat' dir='ltr'><strong>nec</strong></span> <span class='ocrx_word' id='word_1_82' title='bbox 1223 1250 1305 1296; x_wconf 89' lang='lat' dir='ltr'><strong>nune</strong></span> 
     </span>
     <span class='ocr_line' id='line_1_10' title="bbox 153 1330 1305 1416; baseline -0.001 -18"><span class='ocrx_word' id='word_1_83' title='bbox 153 1331 275 1416; x_wconf 87' lang='lat' dir='ltr'><strong>habeo,</strong></span> <span class='ocrx_word' id='word_1_84' title='bbox 309 1352 364 1399; x_wconf 87' lang='lat' dir='ltr'><strong>cur</strong></span> <span class='ocrx_word' id='word_1_85' title='bbox 397 1338 507 1398; x_wconf 91' lang='lat' dir='ltr'><strong>contra</strong></span> <span class='ocrx_word' id='word_1_86' title='bbox 540 1331 656 1398; x_wconf 85' lang='lat' dir='ltr'><strong>dicam.</strong></span> <span class='ocrx_word' id='word_1_87' title='bbox 708 1332 821 1409; x_wconf 80' lang='lat' dir='ltr'><strong>Quid?</strong></span> <span class='ocrx_word' id='word_1_88' title='bbox 858 1330 1051 1396; x_wconf 78' lang='lat' dir='ltr'><strong>Dicaearchi</strong></span> <span class='ocrx_word' id='word_1_89' title='bbox 1080 1330 1305 1414; x_wconf 81' lang='lat' dir='ltr'><strong>olympiacum</strong></span> 
     </span>
     <span class='ocr_line' id='line_1_11' title="bbox 153 1432 1305 1517; baseline -0.002 -17"><span class='ocrx_word' id='word_1_90' title='bbox 153 1434 274 1501; x_wconf 80' lang='lat' dir='ltr'><strong>adiisse</strong></span> <span class='ocrx_word' id='word_1_91' title='bbox 298 1453 387 1516; x_wconf 90' lang='lat' dir='ltr'><strong>eum,</strong></span> <span class='ocrx_word' id='word_1_92' title='bbox 411 1434 465 1516; x_wconf 89' lang='lat' dir='ltr'><strong>qui</strong></span> <span class='ocrx_word' id='word_1_93' title='bbox 488 1432 529 1498; x_wconf 91' lang='lat' dir='ltr'><strong>de</strong></span> <span class='ocrx_word' id='word_1_94' title='bbox 550 1433 723 1517; x_wconf 87' lang='lat' dir='ltr'><strong>rhapsodis</strong></span> <span class='ocrx_word' id='word_1_95' title='bbox 746 1433 916 1514; x_wconf 89' lang='lat' dir='ltr'><strong>scriberet,</strong></span> <span class='ocrx_word' id='word_1_96' title='bbox 942 1450 1047 1497; x_wconf 91' lang='lat' dir='ltr'><strong>nonne</strong></span> <span class='ocrx_word' id='word_1_97' title='bbox 1069 1432 1169 1497; x_wconf 92' lang='lat' dir='ltr'><strong>multo</strong></span> <span class='ocrx_word' id='word_1_98' title='bbox 1191 1433 1305 1515; x_wconf 90' lang='lat' dir='ltr'><strong>proba·</strong></span> 
     </span>
     <span class='ocr_line' id='line_1_12' title="bbox 152 1532 1306 1619; baseline -0.002 -18"><span class='ocrx_word' id='word_1_99' title='bbox 152 1536 250 1601; x_wconf 92' lang='lat' dir='ltr'><strong>bilius</strong></span> <span class='ocrx_word' id='word_1_100' title='bbox 276 1555 372 1618; x_wconf 90' lang='lat' dir='ltr'><strong>qnam</strong></span> <span class='ocrx_word' id='word_1_101' title='bbox 396 1536 450 1617; x_wconf 90' lang='lat' dir='ltr'><strong>qui</strong></span> <span class='ocrx_word' id='word_1_102' title='bbox 473 1534 514 1601; x_wconf 90' lang='lat' dir='ltr'><strong>de</strong></span> <span class='ocrx_word' id='word_1_103' title='bbox 536 1534 762 1619; x_wconf 78' lang='lat' dir='ltr'><strong>Empedocle?</strong></span> <span class='ocrx_word' id='word_1_104' title='bbox 805 1534 848 1599; x_wconf 89' lang='lat' dir='ltr'><strong>At</strong></span> <span class='ocrx_word' id='word_1_105' title='bbox 875 1534 1013 1616; x_wconf 83' lang='lat' dir='ltr'><strong>sumpsit</strong></span> <span class='ocrx_word' id='word_1_106' title='bbox 1041 1552 1099 1598; x_wconf 89' lang='lat' dir='ltr'><strong>sua</strong></span> <span class='ocrx_word' id='word_1_107' title='bbox 1120 1532 1306 1599; x_wconf 85' lang='lat' dir='ltr'><strong>Athenaeus</strong></span> 
     </span>
     <span class='ocr_line' id='line_1_13' title="bbox 155 1633 1306 1719; baseline -0.003 -16"><span class='ocrx_word' id='word_1_108' title='bbox 155 1657 173 1703; x_wconf 93' lang='lat' dir='ltr'><strong>e</strong></span> <span class='ocrx_word' id='word_1_109' title='bbox 195 1637 349 1703; x_wconf 83' lang='lat' dir='ltr'><strong>Fauorini</strong></span> <span class='ocrx_word' id='word_1_110' title='bbox 371 1637 477 1702; x_wconf 86' lang='lat' dir='ltr'><strong>lexico</strong></span> <span class='ocrx_word' id='word_1_111' title='bbox 501 1657 525 1702; x_wconf 87' lang='lat' dir='ltr'><strong>s.</strong></span> <span class='ocrx_word' id='word_1_112' title='bbox 542 1656 571 1701; x_wconf 91' lang='lat' dir='ltr'><strong>n.</strong></span> <span class='ocrx_word' id='word_1_113' title='bbox 595 1633 761 1719; x_wconf 81' lang='grc' dir='ltr'><em>ῥαψῳδοί.</em></span> <span class='ocrx_word' id='word_1_114' title='bbox 806 1635 872 1701; x_wconf 84' lang='lat' dir='ltr'><strong>Sed</strong></span> <span class='ocrx_word' id='word_1_115' title='bbox 901 1636 964 1701; x_wconf 87' lang='lat' dir='ltr'><strong>ista</strong></span> <span class='ocrx_word' id='word_1_116' title='bbox 985 1635 1110 1700; x_wconf 90' lang='lat' dir='ltr'><strong>ratione</strong></span> <span class='ocrx_word' id='word_1_117' title='bbox 1137 1635 1246 1701; x_wconf 89' lang='lat' dir='ltr'><strong>omnia</strong></span> <span class='ocrx_word' id='word_1_118' title='bbox 1273 1636 1306 1699; x_wconf 93' lang='lat' dir='ltr'><strong>in</strong></span> 
     </span>
     <span class='ocr_line' id='line_1_14' title="bbox 153 1736 1305 1824; baseline -0.004 -18"><span class='ocrx_word' id='word_1_119' title='bbox 153 1759 259 1824; x_wconf 84' lang='lat' dir='ltr'><strong>capax</strong></span> <span class='ocrx_word' id='word_1_120' title='bbox 282 1738 363 1804; x_wconf 90' lang='lat' dir='ltr'><strong>illud</strong></span> <span class='ocrx_word' id='word_1_121' title='bbox 386 1739 515 1805; x_wconf 84' lang='lat' dir='ltr'><strong>lexicon</strong></span> <span class='ocrx_word' id='word_1_122' title='bbox 536 1740 658 1822; x_wconf 91' lang='lat' dir='ltr'><strong>peteris</strong></span> <span class='ocrx_word' id='word_1_123' title='bbox 687 1739 846 1804; x_wconf 84' lang='lat' dir='ltr'><strong>infercire.</strong></span> <span class='ocrx_word' id='word_1_124' title='bbox 891 1738 933 1802; x_wconf 83' lang='lat' dir='ltr'><strong>Et</strong></span> <span class='ocrx_word' id='word_1_125' title='bbox 961 1756 1002 1802; x_wconf 91' lang='lat' dir='ltr'><strong>ue</strong></span> <span class='ocrx_word' id='word_1_126' title='bbox 1030 1738 1077 1803; x_wconf 93' lang='lat' dir='ltr'><strong>sic</strong></span> <span class='ocrx_word' id='word_1_127' title='bbox 1107 1736 1237 1819; x_wconf 89' lang='lat' dir='ltr'><strong>quidem</strong></span> <span class='ocrx_word' id='word_1_128' title='bbox 1260 1738 1305 1801; x_wconf 90' lang='lat' dir='ltr'><strong>iu·</strong></span> 
     </span>
     <span class='ocr_line' id='line_1_15' title="bbox 152 1830 1306 1924; baseline -0.003 -18"><span class='ocrx_word' id='word_1_129' title='bbox 152 1842 331 1924; x_wconf 82' lang='lat' dir='ltr'><strong>tellegitur,</strong></span> <span class='ocrx_word' id='word_1_130' title='bbox 360 1861 416 1906; x_wconf 86' lang='lat' dir='ltr'><strong>eur</strong></span> <span class='ocrx_word' id='word_1_131' title='bbox 437 1840 553 1906; x_wconf 89' lang='lat' dir='ltr'><strong>adierit</strong></span> <span class='ocrx_word' id='word_1_132' title='bbox 575 1841 753 1906; x_wconf 86' lang='lat' dir='ltr'><strong>Fauorinus</strong></span> <span class='ocrx_word' id='word_1_133' title='bbox 776 1837 1027 1921; x_wconf 67' lang='lat' dir='ltr'><strong>Dicaearchum</strong></span> <span class='ocrx_word' id='word_1_134' title='bbox 1056 1858 1129 1903; x_wconf 92' lang='lat' dir='ltr'><strong>nam</strong></span> <span class='ocrx_word' id='word_1_135' title='bbox 1153 1830 1306 1924; x_wconf 79' lang='grc' dir='ltr'><em>ἀπομνη-</em></span> 
     </span>
     <span class='ocr_line' id='line_1_16' title="bbox 150 1938 1305 2025; baseline -0.002 -19"><span class='ocrx_word' id='word_1_136' title='bbox 150 1939 344 2024; x_wconf 82' lang='grc' dir='ltr'><em>μονεύματα</em></span> <span class='ocrx_word' id='word_1_137' title='bbox 376 1948 450 2008; x_wconf 91' lang='lat' dir='ltr'><strong>ante</strong></span> <span class='ocrx_word' id='word_1_138' title='bbox 487 1943 689 2025; x_wconf 84' lang='lat' dir='ltr'><strong>omnigenam</strong></span> <span class='ocrx_word' id='word_1_139' title='bbox 723 1940 890 2008; x_wconf 86' lang='lat' dir='ltr'><strong>historiam</strong></span> <span class='ocrx_word' id='word_1_140' title='bbox 932 1938 975 2015; x_wconf 78' lang='lat' dir='ltr'><strong>th.</strong></span> <span class='ocrx_word' id='word_1_141' title='bbox 995 1958 1023 2005; x_wconf 90' lang='grc'><strong>6.</strong></span> <span class='ocrx_word' id='word_1_142' title='bbox 1054 1940 1183 2005; x_wconf 89' lang='lat' dir='ltr'><strong>lexicon</strong></span> <span class='ocrx_word' id='word_1_143' title='bbox 1211 1939 1305 2016; x_wconf 86' lang='lat' dir='ltr'><strong>illud)</strong></span> 
     </span>
     <span class='ocr_line' id='line_1_17' title="bbox 152 2040 1307 2129; baseline -0.003 -18"><span class='ocrx_word' id='word_1_144' title='bbox 152 2043 321 2129; x_wconf 88' lang='lat' dir='ltr'><strong>scripsisse</strong></span> <span class='ocrx_word' id='word_1_145' title='bbox 342 2063 413 2110; x_wconf 90' lang='lat' dir='ltr'><strong>eum</strong></span> <span class='ocrx_word' id='word_1_146' title='bbox 428 2043 619 2127; x_wconf 91' lang='lat' dir='ltr'><strong>Rudolphus</strong></span> <span class='ocrx_word' id='word_1_147' title='bbox 642 2043 801 2127; x_wconf 89' lang='lat' dir='ltr'><strong>probauit.</strong></span> <span class='ocrx_word' id='word_1_148' title='bbox 839 2042 946 2119; x_wconf 77' lang='lat' dir='ltr'><strong>Quare</strong></span> <span class='ocrx_word' id='word_1_149' title='bbox 970 2046 1001 2107; x_wconf 92' lang='lat' dir='ltr'><strong>et</strong></span> <span class='ocrx_word' id='word_1_150' title='bbox 1016 2040 1251 2107; x_wconf 88' lang='lat' dir='ltr'><strong>Dicaearchum</strong></span> <span class='ocrx_word' id='word_1_151' title='bbox 1274 2048 1307 2107; x_wconf 91' lang='lat' dir='ltr'><strong>et</strong></span> 
     </span>
     <span class='ocr_line' id='line_1_18' title="bbox 151 2137 1304 2228; baseline -0.003 -17"><span class='ocrx_word' id='word_1_152' title='bbox 151 2145 346 2211; x_wconf 85' lang='lat' dir='ltr'><strong>Fauorinum</strong></span> <span class='ocrx_word' id='word_1_153' title='bbox 372 2144 506 2210; x_wconf 89' lang='lat' dir='ltr'><strong>eandem</strong></span> <span class='ocrx_word' id='word_1_154' title='bbox 530 2146 622 2228; x_wconf 90' lang='lat' dir='ltr'><strong>sequi</strong></span> <span class='ocrx_word' id='word_1_155' title='bbox 649 2143 854 2209; x_wconf 86' lang='lat' dir='ltr'><strong>traditionem</strong></span> <span class='ocrx_word' id='word_1_156' title='bbox 876 2144 1041 2225; x_wconf 87' lang='lat' dir='ltr'><strong>antiquam</strong></span> <span class='ocrx_word' id='word_1_157' title='bbox 1063 2137 1177 2208; x_wconf 86' lang='lat' dir='ltr'><strong>statuo.</strong></span> <span class='ocrx_word' id='word_1_158' title='bbox 1224 2142 1304 2208; x_wconf 85' lang='lat' dir='ltr'><strong>Oen·</strong></span> 
     </span>
     <span class='ocr_line' id='line_1_19' title="bbox 153 2243 1305 2327; baseline -0.003 -15"><span class='ocrx_word' id='word_1_159' title='bbox 153 2245 297 2313; x_wconf 90' lang='lat' dir='ltr'><strong>firmatur</strong></span> <span class='ocrx_word' id='word_1_160' title='bbox 316 2247 397 2312; x_wconf 91' lang='lat' dir='ltr'><strong>haec</strong></span> <span class='ocrx_word' id='word_1_161' title='bbox 412 2248 570 2313; x_wconf 89' lang='lat' dir='ltr'><strong>sententia</strong></span> <span class='ocrx_word' id='word_1_162' title='bbox 585 2247 686 2312; x_wconf 87' lang='lat' dir='ltr'><strong>altero</strong></span> <span class='ocrx_word' id='word_1_163' title='bbox 710 2246 751 2310; x_wconf 89' lang='lat' dir='ltr'><strong>de</strong></span> <span class='ocrx_word' id='word_1_164' title='bbox 774 2245 888 2311; x_wconf 89' lang='lat' dir='ltr'><strong>ecdem</strong></span> <span class='ocrx_word' id='word_1_165' title='bbox 903 2243 1100 2327; x_wconf 85' lang='lat' dir='ltr'><strong>Empedoole</strong></span> <span class='ocrx_word' id='word_1_166' title='bbox 1123 2244 1305 2309; x_wconf 92' lang='lat' dir='ltr'><strong>testimonio</strong></span> 
     </span>
     <span class='ocr_line' id='line_1_20' title="bbox 152 2345 1304 2430; baseline -0.003 -16"><span class='ocrx_word' id='word_1_167' title='bbox 152 2348 320 2415; x_wconf 88' lang='lat' dir='ltr'><strong>Athenaeo</strong></span> <span class='ocrx_word' id='word_1_168' title='bbox 344 2355 376 2414; x_wconf 88' lang='lat' dir='ltr'><strong>et</strong></span> <span class='ocrx_word' id='word_1_169' title='bbox 397 2350 557 2415; x_wconf 86' lang='lat' dir='ltr'><strong>Fauorino</strong></span> <span class='ocrx_word' id='word_1_170' title='bbox 581 2348 757 2430; x_wconf 87' lang='lat' dir='ltr'><strong>communi,</strong></span> <span class='ocrx_word' id='word_1_171' title='bbox 787 2366 850 2428; x_wconf 88' lang='lat' dir='ltr'><strong>quo</strong></span> <span class='ocrx_word' id='word_1_172' title='bbox 879 2347 995 2412; x_wconf 92' lang='lat' dir='ltr'><strong>bouem</strong></span> <span class='ocrx_word' id='word_1_173' title='bbox 1022 2345 1206 2411; x_wconf 88' lang='lat' dir='ltr'><strong>immolasse</strong></span> <span class='ocrx_word' id='word_1_174' title='bbox 1234 2365 1304 2412; x_wconf 90' lang='lat' dir='ltr'><strong>aro-</strong></span> 
     </span>
     <span class='ocr_line' id='line_1_21' title="bbox 152 2445 1306 2534; baseline -0.003 -18"><span class='ocrx_word' id='word_1_175' title='bbox 152 2453 248 2517; x_wconf 86' lang='lat' dir='ltr'><strong>matis</strong></span> <span class='ocrx_word' id='word_1_176' title='bbox 263 2453 420 2534; x_wconf 88' lang='lat' dir='ltr'><strong>repletam</strong></span> <span class='ocrx_word' id='word_1_177' title='bbox 436 2452 540 2516; x_wconf 90' lang='lat' dir='ltr'><strong>uietor</strong></span> <span class='ocrx_word' id='word_1_178' title='bbox 555 2449 738 2534; x_wconf 85' lang='lat' dir='ltr'><strong>Olympiaci</strong></span> <span class='ocrx_word' id='word_1_179' title='bbox 762 2448 944 2515; x_wconf 89' lang='lat' dir='ltr'><strong>certaminis</strong></span> <span class='ocrx_word' id='word_1_180' title='bbox 966 2448 1023 2512; x_wconf 94' lang='lat' dir='ltr'><strong>ille</strong></span> <span class='ocrx_word' id='word_1_181' title='bbox 1046 2446 1175 2512; x_wconf 86' lang='lat' dir='ltr'><strong>dicitur:</strong></span> <span class='ocrx_word' id='word_1_182' title='bbox 1198 2445 1306 2513; x_wconf 90' lang='lat' dir='ltr'><strong>Ath.I</strong></span> 
     </span>
     <span class='ocr_line' id='line_1_22' title="bbox 150 2542 1304 2636; baseline -0.005 -19"><span class='ocrx_word' id='word_1_183' title='bbox 150 2573 184 2636; x_wconf 93' lang='lat' dir='ltr'><strong>p.</strong></span> <span class='ocrx_word' id='word_1_184' title='bbox 200 2555 258 2635; x_wconf 77' lang='lat'><strong>303</strong></span> <span class='ocrx_word' id='word_1_185' title='bbox 282 2553 377 2636; x_wconf 81' lang='lat' dir='ltr'><strong>Diog.</strong></span> <span class='ocrx_word' id='word_1_186' title='bbox 391 2553 477 2635; x_wconf 90' lang='lat' dir='ltr'>VIII,</span> <span class='ocrx_word' id='word_1_187' title='bbox 494 2555 534 2616; x_wconf 83' lang='lat'><strong>53</strong></span> <span class='ocrx_word' id='word_1_188' title='bbox 558 2548 620 2635; x_wconf 80' lang='grc' dir='ltr'><strong>έμδ</strong></span> <span class='ocrx_word' id='word_1_189' title='bbox 644 2543 675 2615; x_wconf 76' lang='grc' dir='ltr'><strong>δ’</strong></span> <span class='ocrx_word' id='word_1_190' title='bbox 692 2543 786 2634; x_wconf 78' lang='grc' dir='ltr'><em>εὗρον</em></span> <span class='ocrx_word' id='word_1_191' title='bbox 803 2547 836 2615; x_wconf 80' lang='grc' dir='ltr'><strong>ἓν</strong></span> <span class='ocrx_word' id='word_1_192' title='bbox 850 2561 922 2624; x_wconf 90' lang='grc' dir='ltr'><strong>τοῖς</strong></span> <span class='ocrx_word' id='word_1_193' title='bbox 945 2542 1162 2632; x_wconf 83' lang='grc' dir='ltr'><em>δπομνημασι</em></span> <span class='ocrx_word' id='word_1_194' title='bbox 1181 2551 1304 2631; x_wconf 76' lang='grc' dir='ltr'><em>Φαβω-</em></span> 
     </span>
     <span class='ocr_line' id='line_1_23' title="bbox 153 2649 1304 2734; baseline -0.002 -18"><span class='ocrx_word' id='word_1_195' title='bbox 153 2658 245 2732; x_wconf 85' lang='grc' dir='ltr'><em>ρίνου</em></span> <span class='ocrx_word' id='word_1_196' title='bbox 267 2653 336 2717; x_wconf 86' lang='grc' dir='ltr'><strong><em>κτλ.</em></strong></span> <span class='ocrx_word' id='word_1_197' title='bbox 373 2654 465 2719; x_wconf 89' lang='lat' dir='ltr'><strong>Hanc</strong></span> <span class='ocrx_word' id='word_1_198' title='bbox 478 2655 695 2719; x_wconf 88' lang='lat' dir='ltr'><strong>narrationem</strong></span> <span class='ocrx_word' id='word_1_199' title='bbox 712 2658 843 2734; x_wconf 91' lang='lat' dir='ltr'><strong>propter</strong></span> <span class='ocrx_word' id='word_1_200' title='bbox 859 2651 1086 2715; x_wconf 90' lang='lat' dir='ltr'><strong>sententiarum</strong></span> <span class='ocrx_word' id='word_1_201' title='bbox 1102 2649 1190 2731; x_wconf 90' lang='lat' dir='ltr'><strong>apud</strong></span> <span class='ocrx_word' id='word_1_202' title='bbox 1204 2649 1304 2715; x_wconf 89' lang='lat' dir='ltr'><strong>Athe-</strong></span> 
     </span>
     <span class='ocr_line' id='line_1_24' title="bbox 152 2744 1304 2834; baseline -0.003 -15"><span class='ocrx_word' id='word_1_203' title='bbox 152 2774 270 2820; x_wconf 88' lang='lat' dir='ltr'><strong>naeum</strong></span> <span class='ocrx_word' id='word_1_204' title='bbox 294 2776 452 2821; x_wconf 90' lang='lat' dir='ltr'><strong>conexum</strong></span> <span class='ocrx_word' id='word_1_205' title='bbox 475 2755 516 2819; x_wconf 89' lang='lat' dir='ltr'><strong>ad</strong></span> <span class='ocrx_word' id='word_1_206' title='bbox 541 2754 730 2834; x_wconf 84' lang='lat' dir='ltr'><strong>omnigenae</strong></span> <span class='ocrx_word' id='word_1_207' title='bbox 759 2751 911 2816; x_wconf 88' lang='lat' dir='ltr'><strong>historiae</strong></span> <span class='ocrx_word' id='word_1_208' title='bbox 940 2768 1053 2814; x_wconf 86' lang='lat' dir='ltr'><strong>uocem</strong></span> <span class='ocrx_word' id='word_1_209' title='bbox 1080 2744 1229 2823; x_wconf 77' lang='grc' dir='ltr'><strong><em>ἑστίασις</em></strong></span> <span class='ocrx_word' id='word_1_210' title='bbox 1255 2769 1304 2816; x_wconf 90' lang='lat' dir='ltr'><strong>re·</strong></span> 
     </span>
     <span class='ocr_line' id='line_1_25' title="bbox 152 2843 1305 2938; baseline -0.007 -18"><span class='ocrx_word' id='word_1_211' title='bbox 152 2864 249 2922; x_wconf 89' lang='lat' dir='ltr'><strong>uocat</strong></span> <span class='ocrx_word' id='word_1_212' title='bbox 264 2853 466 2938; x_wconf 90' lang='lat' dir='ltr'><strong>Rudolphus.</strong></span> <span class='ocrx_word' id='word_1_213' title='bbox 503 2854 574 2937; x_wconf 84' lang='lat' dir='ltr'><strong>Ego</strong></span> <span class='ocrx_word' id='word_1_214' title='bbox 589 2873 667 2918; x_wconf 89' lang='lat' dir='ltr'><strong>uero</strong></span> <span class='ocrx_word' id='word_1_215' title='bbox 689 2853 825 2918; x_wconf 91' lang='lat' dir='ltr'><strong>arbitror</strong></span> <span class='ocrx_word' id='word_1_216' title='bbox 846 2856 902 2916; x_wconf 91' lang='lat' dir='ltr'><strong>aut</strong></span> <span class='ocrx_word' id='word_1_217' title='bbox 923 2849 965 2916; x_wconf 93' lang='lat' dir='ltr'><strong>de</strong></span> <span class='ocrx_word' id='word_1_218' title='bbox 979 2850 1132 2916; x_wconf 83' lang='lat' dir='ltr'><strong>Fauorini</strong></span> <span class='ocrx_word' id='word_1_219' title='bbox 1153 2843 1305 2935; x_wconf 78' lang='grc' dir='ltr'><em>ὑπομνή-</em></span> 
     </span>
     <span class='ocr_line' id='line_1_26' title="bbox 150 2950 1304 3038; baseline -0.002 -18"><span class='ocrx_word' id='word_1_220' title='bbox 150 2977 256 3038; x_wconf 84' lang='grc' dir='ltr'><em>μασιν</em></span> <span class='ocrx_word' id='word_1_221' title='bbox 271 2957 312 3020; x_wconf 90' lang='lat' dir='ltr'><strong>ab</strong></span> <span class='ocrx_word' id='word_1_222' title='bbox 324 2953 493 3021; x_wconf 90' lang='lat' dir='ltr'><strong>Athenaeo</strong></span> <span class='ocrx_word' id='word_1_223' title='bbox 506 2955 668 3038; x_wconf 88' lang='lat' dir='ltr'><strong>usurpatis</strong></span> <span class='ocrx_word' id='word_1_224' title='bbox 683 2959 738 3019; x_wconf 90' lang='lat' dir='ltr'><strong>aut</strong></span> <span class='ocrx_word' id='word_1_225' title='bbox 752 2953 794 3018; x_wconf 91' lang='lat' dir='ltr'><strong>de</strong></span> <span class='ocrx_word' id='word_1_226' title='bbox 809 2952 970 3019; x_wconf 90' lang='lat' dir='ltr'><strong>communi</strong></span> <span class='ocrx_word' id='word_1_227' title='bbox 986 2950 1125 3034; x_wconf 92' lang='lat' dir='ltr'><strong>quodam</strong></span> <span class='ocrx_word' id='word_1_228' title='bbox 1139 2953 1304 3035; x_wconf 91' lang='lat' dir='ltr'><strong>utriusque</strong></span> 
     </span>
     <span class='ocr_line' id='line_1_27' title="bbox 150 3053 1304 3141; baseline -0.003 -19"><span class='ocrx_word' id='word_1_229' title='bbox 150 3059 240 3124; x_wconf 89' lang='lat' dir='ltr'><strong>fonte</strong></span> <span class='ocrx_word' id='word_1_230' title='bbox 269 3056 489 3141; x_wconf 84' lang='lat' dir='ltr'><strong>(Empedoclis</strong></span> <span class='ocrx_word' id='word_1_231' title='bbox 512 3057 614 3135; x_wconf 74' lang='lat' dir='ltr'><strong>uitat)</strong></span> <span class='ocrx_word' id='word_1_232' title='bbox 643 3054 848 3139; x_wconf 84' lang='lat' dir='ltr'><strong>cogitandum</strong></span> <span class='ocrx_word' id='word_1_233' title='bbox 877 3073 963 3135; x_wconf 85' lang='lat' dir='ltr'><strong>esse;</strong></span> <span class='ocrx_word' id='word_1_234' title='bbox 994 3072 1100 3136; x_wconf 90' lang='lat' dir='ltr'><strong>neque</strong></span> <span class='ocrx_word' id='word_1_235' title='bbox 1129 3053 1304 3137; x_wconf 89' lang='lat' dir='ltr'><strong>quidquam</strong></span> 
     </span>
     <span class='ocr_line' id='line_1_28' title="bbox 151 3156 1112 3241; baseline -0.005 -17"><span class='ocrx_word' id='word_1_236' title='bbox 151 3159 313 3225; x_wconf 87' lang='lat' dir='ltr'><strong>Fauorino</strong></span> <span class='ocrx_word' id='word_1_237' title='bbox 337 3159 441 3225; x_wconf 92' lang='lat' dir='ltr'><strong>tribuo</strong></span> <span class='ocrx_word' id='word_1_238' title='bbox 464 3159 525 3224; x_wconf 91' lang='lat' dir='ltr'><strong>nisi</strong></span> <span class='ocrx_word' id='word_1_239' title='bbox 549 3178 631 3241; x_wconf 88' lang='lat' dir='ltr'><strong>quae</strong></span> <span class='ocrx_word' id='word_1_240' title='bbox 654 3157 696 3222; x_wconf 89' lang='lat' dir='ltr'><strong>de</strong></span> <span class='ocrx_word' id='word_1_241' title='bbox 717 3156 916 3240; x_wconf 85' lang='lat' dir='ltr'><strong>Empedocle</strong></span> <span class='ocrx_word' id='word_1_242' title='bbox 936 3160 1112 3220; x_wconf 90' lang='lat' dir='ltr'><strong>narrantur.</strong></span> 
     </span>
    </p>

    <p class='ocr_par' dir='ltr' id='par_1_4' title="bbox 152 3254 1304 4159">
     <span class='ocr_line' id='line_1_29' title="bbox 238 3254 1302 3342; baseline -0.006 -17"><span class='ocrx_word' id='word_1_243' title='bbox 238 3261 330 3326; x_wconf 90' lang='lat' dir='ltr'><strong>Alter</strong></span> <span class='ocrx_word' id='word_1_244' title='bbox 352 3262 441 3326; x_wconf 90' lang='lat' dir='ltr'><strong>locus</strong></span> <span class='ocrx_word' id='word_1_245' title='bbox 464 3266 513 3326; x_wconf 87' lang='lat' dir='ltr'><strong>est</strong></span> <span class='ocrx_word' id='word_1_246' title='bbox 534 3260 608 3325; x_wconf 90' lang='lat' dir='ltr'><strong>Ath.</strong></span> <span class='ocrx_word' id='word_1_247' title='bbox 625 3259 696 3342; x_wconf 88' lang='lat' dir='ltr'><strong>XV,</strong></span> <span class='ocrx_word' id='word_1_248' title='bbox 714 3261 812 3341; x_wconf 76' lang='grc'><strong>6966,</strong></span> <span class='ocrx_word' id='word_1_249' title='bbox 835 3257 891 3322; x_wconf 90' lang='lat' dir='ltr'><strong>ubi</strong></span> <span class='ocrx_word' id='word_1_250' title='bbox 914 3255 1095 3338; x_wconf 90' lang='lat' dir='ltr'><strong>disputatur</strong></span> <span class='ocrx_word' id='word_1_251' title='bbox 1118 3254 1158 3320; x_wconf 88' lang='lat' dir='ltr'><strong>de</strong></span> <span class='ocrx_word' id='word_1_252' title='bbox 1180 3254 1302 3319; x_wconf 89' lang='lat' dir='ltr'><strong>Aristo-</strong></span> 
     </span>
     <span class='ocr_line' id='line_1_30' title="bbox 153 3353 1304 3441; baseline -0.006 -15"><span class='ocrx_word' id='word_1_253' title='bbox 153 3362 226 3427; x_wconf 88' lang='lat' dir='ltr'><strong>telis</strong></span> <span class='ocrx_word' id='word_1_254' title='bbox 249 3362 390 3428; x_wconf 89' lang='lat' dir='ltr'><strong>carmine</strong></span> <span class='ocrx_word' id='word_1_255' title='bbox 416 3363 449 3426; x_wconf 91' lang='lat' dir='ltr'><strong>in</strong></span> <span class='ocrx_word' id='word_1_256' title='bbox 471 3362 654 3441; x_wconf 88' lang='lat' dir='ltr'><strong>Hermiam‚</strong></span> <span class='ocrx_word' id='word_1_257' title='bbox 683 3366 786 3427; x_wconf 90' lang='lat' dir='ltr'><strong>utrum</strong></span> <span class='ocrx_word' id='word_1_258' title='bbox 816 3359 857 3424; x_wconf 90' lang='lat' dir='ltr'><strong>sit</strong></span> <span class='ocrx_word' id='word_1_259' title='bbox 884 3377 989 3441; x_wconf 89' lang='lat' dir='ltr'><strong>paean</strong></span> <span class='ocrx_word' id='word_1_260' title='bbox 1018 3374 1129 3421; x_wconf 88' lang='lat' dir='ltr'><strong>necne.</strong></span> <span class='ocrx_word' id='word_1_261' title='bbox 1173 3353 1304 3420; x_wconf 78' lang='lat' dir='ltr'><strong>Confert</strong></span> 
     </span>
     <span class='ocr_line' id='line_1_31' title="bbox 152 3451 1303 3547; baseline -0.008 -19"><span class='ocrx_word' id='word_1_262' title='bbox 152 3462 343 3547; x_wconf 88' lang='lat' dir='ltr'><strong>Rudolphus</strong></span> <span class='ocrx_word' id='word_1_263' title='bbox 358 3463 453 3546; x_wconf 81' lang='lat' dir='ltr'><strong>Diog.</strong></span> <span class='ocrx_word' id='word_1_264' title='bbox 465 3464 521 3528; x_wconf 87' lang='lat' dir='ltr'><strong>La.</strong></span> <span class='ocrx_word' id='word_1_265' title='bbox 534 3464 571 3546; x_wconf 90' lang='lat' dir='ltr'><strong>V,</strong></span> <span class='ocrx_word' id='word_1_266' title='bbox 585 3468 619 3527; x_wconf 84' lang='lat'><strong>5:</strong></span> <span class='ocrx_word' id='word_1_267' title='bbox 642 3453 873 3546; x_wconf 79' lang='grc' dir='ltr'><strong>Ἀριστοτέλης</strong></span> <span class='ocrx_word' id='word_1_268' title='bbox 888 3495 929 3504; x_wconf 92' lang='grc'>-</span> <span class='ocrx_word' id='word_1_269' title='bbox 943 3451 1133 3541; x_wconf 73' lang='grc' dir='ltr'><em>ὑπεξῆλθεν</em></span> <span class='ocrx_word' id='word_1_270' title='bbox 1148 3452 1196 3531; x_wconf 84' lang='grc' dir='ltr'><strong>εἷς</strong></span> <span class='ocrx_word' id='word_1_271' title='bbox 1208 3456 1303 3520; x_wconf 89' lang='grc' dir='ltr'><em>Χαλ-</em></span> 
     </span>
     <span class='ocr_line' id='line_1_32' title="bbox 152 3547 1303 3649; baseline -0.008 -20"><span class='ocrx_word' id='word_1_272' title='bbox 152 3562 228 3629; x_wconf 85' lang='grc' dir='ltr'><em>κίδα</em></span> <span class='ocrx_word' id='word_1_273' title='bbox 244 3557 492 3649; x_wconf 73' lang='grc' dir='ltr'><strong>Εὐρυμέδοντος</strong></span> <span class='ocrx_word' id='word_1_274' title='bbox 508 3555 608 3628; x_wconf 81' lang='grc' dir='ltr'><em>αδτδν</em></span> <span class='ocrx_word' id='word_1_275' title='bbox 627 3565 686 3628; x_wconf 78' lang='grc' dir='ltr'><strong>τοῦ</strong></span> <span class='ocrx_word' id='word_1_276' title='bbox 710 3559 908 3648; x_wconf 79' lang='grc' dir='ltr'><strong>ἱεροφάντου</strong></span> <span class='ocrx_word' id='word_1_277' title='bbox 932 3557 1023 3645; x_wconf 85' lang='grc' dir='ltr'><em>δίκην</em></span> <span class='ocrx_word' id='word_1_278' title='bbox 1047 3547 1201 3641; x_wconf 80' lang='grc' dir='ltr'><em>δσεβελας</em></span> <span class='ocrx_word' id='word_1_279' title='bbox 1223 3579 1303 3642; x_wconf 76' lang='grc' dir='ltr'><em>γρα-</em></span> 
     </span>
     <span class='ocr_line' id='line_1_33' title="bbox 152 3654 1303 3752; baseline -0.01 -22"><span class='ocrx_word' id='word_1_280' title='bbox 152 3669 305 3750; x_wconf 79' lang='grc' dir='ltr'><em>ψαμένου</em></span> <span class='ocrx_word' id='word_1_281' title='bbox 335 3654 356 3751; x_wconf 75' lang='grc' dir='ltr'><em>ἢ</em></span> <span class='ocrx_word' id='word_1_282' title='bbox 378 3666 593 3752; x_wconf 81' lang='grc' dir='ltr'><em>Δημοφίλου,</em></span> <span class='ocrx_word' id='word_1_283' title='bbox 624 3657 670 3741; x_wconf 76' lang='grc' dir='ltr'><strong>ὥς</strong></span> <span class='ocrx_word' id='word_1_284' title='bbox 699 3685 783 3751; x_wconf 83' lang='grc' dir='ltr'><em>φησι</em></span> <span class='ocrx_word' id='word_1_285' title='bbox 813 3666 1010 3745; x_wconf 80' lang='grc' dir='ltr'><em>Φαβωρῖνος</em></span> <span class='ocrx_word' id='word_1_286' title='bbox 1039 3655 1073 3724; x_wconf 78' lang='grc' dir='ltr'><strong>έν</strong></span> <span class='ocrx_word' id='word_1_287' title='bbox 1101 3655 1303 3742; x_wconf 74' lang='grc' dir='ltr'><em>παντοδαπῇ</em></span> 
     </span>
     <span class='ocr_line' id='line_1_34' title="bbox 154 3751 1302 3855; baseline -0.01 -22"><span class='ocrx_word' id='word_1_288' title='bbox 154 3768 302 3854; x_wconf 77' lang='grc' dir='ltr'><em>ἱστορίᾳ,</em></span> <span class='ocrx_word' id='word_1_289' title='bbox 330 3764 512 3855; x_wconf 74' lang='grc' dir='ltr'><em>ἐπειδήπερ</em></span> <span class='ocrx_word' id='word_1_290' title='bbox 535 3765 593 3833; x_wconf 88' lang='grc' dir='ltr'><strong>τὸν</strong></span> <span class='ocrx_word' id='word_1_291' title='bbox 615 3760 717 3850; x_wconf 81' lang='grc' dir='ltr'><em>δμνον</em></span> <span class='ocrx_word' id='word_1_292' title='bbox 740 3764 788 3841; x_wconf 79' lang='grc' dir='ltr'><strong>εἰς</strong></span> <span class='ocrx_word' id='word_1_293' title='bbox 809 3762 867 3830; x_wconf 91' lang='grc' dir='ltr'><strong>τδν</strong></span> <span class='ocrx_word' id='word_1_294' title='bbox 889 3763 1130 3847; x_wconf 83' lang='grc' dir='ltr'><em>προειρημένον</em></span> <span class='ocrx_word' id='word_1_295' title='bbox 1149 3751 1302 3842; x_wconf 81' lang='grc' dir='ltr'><em>Ἑρμείαν</em></span> 
     </span>
     <span class='ocr_line' id='line_1_35' title="bbox 154 3857 1301 3956; baseline -0.009 -22"><span class='ocrx_word' id='word_1_296' title='bbox 154 3867 329 3956; x_wconf 79' lang='grc' dir='ltr'><em>ἐποίησεν·</em></span> <span class='ocrx_word' id='word_1_297' title='bbox 361 3863 378 3933; x_wconf 89' lang='grc' dir='ltr'><em>δ</em></span> <span class='ocrx_word' id='word_1_298' title='bbox 404 3867 439 3933; x_wconf 79' lang='grc' dir='ltr'><strong>δὲ</strong></span> <span class='ocrx_word' id='word_1_299' title='bbox 461 3860 562 3951; x_wconf 75' lang='grc' dir='ltr'><em>δμνος</em></span> <span class='ocrx_word' id='word_1_300' title='bbox 592 3866 656 3950; x_wconf 70' lang='grc' dir='ltr'><em>ἔχει</em></span> <span class='ocrx_word' id='word_1_301' title='bbox 683 3869 801 3933; x_wconf 79' lang='grc' dir='ltr'><em>τοῦτον</em></span> <span class='ocrx_word' id='word_1_302' title='bbox 828 3862 886 3928; x_wconf 86' lang='grc' dir='ltr'><strong>τὸν</strong></span> <span class='ocrx_word' id='word_1_303' title='bbox 914 3860 1057 3948; x_wconf 88' lang='grc' dir='ltr'><em>τρόπον·</em></span> <span class='ocrx_word' id='word_1_304' title='bbox 1081 3894 1132 3922; x_wconf 94' lang='grc'><strong>-.</strong></span> <span class='ocrx_word' id='word_1_305' title='bbox 1176 3857 1301 3924; x_wconf 87' lang='lat' dir='ltr'><strong>Ibidem</strong></span> 
     </span>
     <span class='ocr_line' id='line_1_36' title="bbox 152 3955 1302 4056; baseline -0.012 -18"><span class='ocrx_word' id='word_1_306' title='bbox 152 3974 250 4056; x_wconf 85' lang='lat' dir='ltr'><strong>paulo</strong></span> <span class='ocrx_word' id='word_1_307' title='bbox 266 3972 363 4037; x_wconf 84' lang='lat' dir='ltr'><strong>infra:</strong></span> <span class='ocrx_word' id='word_1_308' title='bbox 383 3973 500 4035; x_wconf 83' lang='grc' dir='ltr'><em>τοῦτον</em></span> <span class='ocrx_word' id='word_1_309' title='bbox 512 3962 749 4056; x_wconf 80' lang='grc' dir='ltr'><strong>(Ἀριστοτέλη)</strong></span> <span class='ocrx_word' id='word_1_310' title='bbox 764 3968 900 4052; x_wconf 76' lang='grc' dir='ltr'><em>πρῶτον</em></span> <span class='ocrx_word' id='word_1_311' title='bbox 914 3967 1111 4047; x_wconf 76' lang='grc' dir='ltr'><em>Φαβωρῖνος</em></span> <span class='ocrx_word' id='word_1_312' title='bbox 1127 3955 1161 4024; x_wconf 81' lang='grc' dir='ltr'><strong>ἐν</strong></span> <span class='ocrx_word' id='word_1_313' title='bbox 1177 3981 1302 4024; x_wconf 87' lang='grc' dir='ltr'><em>παντο·</em></span> 
     </span>
     <span class='ocr_line' id='line_1_37' title="bbox 154 4058 1301 4159; baseline -0.01 -22"><span class='ocrx_word' id='word_1_314' title='bbox 154 4072 246 4159; x_wconf 77' lang='grc' dir='ltr'><em>δαπῇ</em></span> <span class='ocrx_word' id='word_1_315' title='bbox 275 4074 405 4158; x_wconf 75' lang='grc' dir='ltr'><em>ἱστορίᾳ</em></span> <span class='ocrx_word' id='word_1_316' title='bbox 429 4071 525 4157; x_wconf 77' lang='grc' dir='ltr'><em>λόγον</em></span> <span class='ocrx_word' id='word_1_317' title='bbox 549 4069 715 4137; x_wconf 84' lang='grc' dir='ltr'><em>δικανικὸν</em></span> <span class='ocrx_word' id='word_1_318' title='bbox 737 4066 821 4156; x_wconf 76' lang='grc' dir='ltr'><em>ὑπὲρ</em></span> <span class='ocrx_word' id='word_1_319' title='bbox 845 4066 962 4133; x_wconf 81' lang='grc' dir='ltr'><em>ἑαυτοῦ</em></span> <span class='ocrx_word' id='word_1_320' title='bbox 987 4058 1177 4148; x_wconf 73' lang='grc' dir='ltr'><em>συγγράψαι</em></span> <span class='ocrx_word' id='word_1_321' title='bbox 1200 4061 1301 4147; x_wconf 80' lang='grc' dir='ltr'><em>φησὶν</em></span> 
     </span>
    </p>
   </div>
   <div class='ocr_carea' id='block_1_4' title="bbox 0 0 1464 4748">
    <p class='ocr_par' dir='ltr' id='par_1_5' title="bbox 0 0 1464 4748">
     <span class='ocr_line' id='line_1_38' title="bbox 0 0 1464 4748; baseline 0 0"><span class='ocrx_word' id='word_1_322' title='bbox 0 0 1464 4748; x_wconf 95' lang='lat' dir='ltr'><strong> </strong></span> 
     </span>
    </p>
   </div>
  </div>
 </body>
</html>
