2918 4748
239 342 300 399 118
638 334 751 390 Carolus
768 334 899 390 Alhertus
917 335 993 404 Bapp

237 514 375 595 castigat
397 510 606 594 repetitiones
629 513 661 573 et
682 514 862 591 pugnantes
890 508 972 571 inter
1000 526 1035 572 sc
1062 507 1252 588 sententias,
1281 506 1393 572 nullae

234 621 320 682 sunt.
355 613 451 677 Velut
472 601 634 684 ἆπόκινσς
657 608 742 692 quod
764 614 879 692 postea
900 605 1106 692 μακτρισμός
1127 609 1309 673 nominatus
1333 613 1393 691 est,

234 714 312 782 inde
333 733 398 779 non
420 713 563 795 sequitur
585 707 794 792 μακτρισμόν
821 729 885 775 non
914 727 1009 792 posse
1038 716 1133 773 antea
1160 708 1322 774 diuersum
1349 708 1394 774 ab

238 807 390 898 ἇποκίνῳ
413 814 513 879 fuisse
536 813 587 890 (cf.
610 832 641 895 p.
655 814 744 876 sesa
767 810 808 876 de
830 808 1003 892 magadidc
1026 816 1058 875 et
1080 811 1254 885 sambuca).
1292 810 1393 875 Porro

236 937 320 1000 quae
343 916 384 981 de
407 913 564 981 telesiadc
593 919 761 978 narrantur
789 912 914 977 duobus
941 911 1039 994 locis,
1066 929 1131 977 non
1159 917 1304 994 pugnant
1332 909 1395 977 sed

239 1018 368 1085 diuersa
382 1021 455 1083 sunt
469 1022 567 1098 atque
583 1013 822 1097 coniungenda;
845 1018 1015 1096 praeterea
1038 1032 1079 1078 cx
1102 1012 1239 1078 diuersis
1254 1013 1394 1079 auctori·

237 1121 298 1186 bus
321 1120 473 1200 citantur,
504 1136 638 1198 quorum
660 1117 742 1181 alter
763 1115 969 1198 Hippagoras
991 1133 1055 1179 non
1079 1115 1216 1180 occurrit
1237 1114 1300 1180 nisi
1326 1113 1393 1198 hic,

235 1221 317 1301 alter
332 1219 478 1300 Marsyas
493 1218 534 1282 ab
551 1217 717 1282 Athenaeo
735 1215 863 1281 uidetur
886 1216 1053 1300 appositus
1077 1234 1159 1299 esse,
1182 1236 1257 1281 nam
1272 1216 1395 1281 Pollux

235 1324 279 1400 (et
301 1318 483 1402 Hesychius
507 1338 531 1384 s.
547 1338 577 1383 u.
600 1314 769 1392 τελεσιάς·
792 1311 811 1400 ἦ
835 1315 920 1398 μετὰ
943 1313 1060 1402 ξίφους
1083 1309 1216 1403 ὄρχησις
1240 1308 1308 1380 ἀπὸ
1332 1317 1396 1381 τοῦ

236 1415 390 1506 εὑρόντος
415 1418 585 1496 Τελεσίου)
615 1420 763 1485 nonnisi
786 1419 995 1502 Hippagorae
1018 1419 1268 1502 explicationem
1290 1420 1394 1486 nouit.

234 1558 276 1569 —
302 1525 512 1606 Θερμοστρλς
539 1520 626 1604 quod
649 1521 787 1605 primum
809 1521 891 1584 inter
913 1511 1066 1604 ὀρχήσεις
1087 1516 1285 1604 μανιώδεις,
1314 1521 1395 1587 dein

234 1645 342 1691 rursus
365 1624 447 1688 inter
470 1619 621 1706 σχήματα
637 1614 804 1706 ὀρχήσεως
828 1617 1004 1705 (τραγικῆς,
1028 1627 1063 1686 ut
1084 1640 1125 1686 ex
1141 1621 1272 1687 Polluce
1295 1622 1395 1689 disei-

235 1729 318 1803 mus)
335 1730 547 1808 enumcratur,
564 1722 642 1807 quid
658 1723 816 1789 offendit?
845 1724 942 1788 immo
958 1723 1106 1788 neutrubi
1123 1722 1236 1789 deesse
1252 1730 1391 1808 poterat.

234 1862 276 1873 —
300 1826 419 1892 Contra
448 1824 623 1909 pyrrhicha
649 1824 735 1908 quod
764 1845 796 1908 p.
810 1824 896 1888 629f
921 1825 953 1888 in
982 1823 1128 1890 ridiculis
1157 1825 1394 1912 saltationibus,

122 1982 128 1994 .
235 1948 333 2012 supra
355 1948 387 2011 p.
401 1930 489 1992 eaeo
511 1927 544 1992 in
567 1928 688 1993 seueris
707 1926 877 2009 dignisque
893 1930 1086 2009 recensetur,
1109 1924 1224 1992 Rohdc
1239 1929 1310 2012 ipse
1325 1929 1393 1995 alio

233 2030 307 2096 loco
323 2035 411 2095 recte
427 2028 501 2094 inde
523 2030 672 2112 explicat,
697 2027 783 2110 quod
806 2028 914 2110 priora
936 2027 993 2092 illa
1016 2029 1144 2094 omnino
1167 2049 1231 2093 non
1253 2049 1294 2094 ex
1315 2050 1394 2096 ono·

234 2131 368 2196 mastico
384 2130 467 2196 sicut
482 2130 660 2212 posteriora
675 2129 733 2195 sed
749 2148 790 2194 cx
806 2128 999 2194 Aristoxeno
1018 2130 1082 2207 (uel
1096 2129 1204 2212 potius
1219 2130 1394 2210 Aristoclc)

233 2231 393 2298 fluxerint.
417 2266 459 2277 —
487 2232 537 2295 Ex
566 2231 764 2296 onomastico
794 2231 906 2313 igitur,
936 2229 1021 2311 quod
1049 2229 1180 2311 quidem
1205 2230 1392 2313 Tryphonis

235 2352 306 2399 csse
330 2352 347 2398 e
371 2333 475 2398 causis
499 2332 654 2415 expositis
676 2351 864 2414 persuasum
886 2330 1009 2413 habco,
1038 2331 1145 2396 omnia
1167 2329 1282 2396 hausta
1311 2342 1392 2416 puto

236 2453 319 2517 quae
341 2432 416 2497 inde
439 2454 459 2498 a
481 2454 512 2515 p.
527 2435 613 2498 eaeo
636 2429 706 2518 (τὴν
723 2430 759 2495 δὲ
777 2424 951 2509 ἀπόκινον)
973 2450 1075 2515 usque
1097 2431 1140 2497 ad
1161 2453 1192 2517 p.
1205 2433 1294 2499 63οο
1316 2454 1391 2517 pro·

234 2535 377 2600 feruntur
397 2539 533 2615 excepto
549 2533 697 2617 Marsyae
720 2532 761 2597 de
784 2531 941 2598 telesiadc
964 2533 1157 2616 testimonio,
1182 2533 1267 2616 quod
1291 2536 1391 2602 etiam

232 2636 341 2702 locum
365 2635 487 2700 obtinet
508 2634 800 2719 inopportunum1).

320 2737 433 2804 Restat
455 2742 490 2801 ut
510 2735 730 2819 Athenaeum,
759 2756 954 2819 quamquam
976 2756 1089 2819 parurn
1110 2744 1258 2803 accurate
1281 2745 1389 2805 aucto-

234 2859 302 2906 rem
325 2860 417 2907 suum
440 2837 650 2919 descripsisse
672 2859 738 2904 non
759 2846 867 2922 potest
888 2840 1017 2921 negari,
1048 2845 1156 2904 tamen
1177 2840 1219 2906 ab
1238 2833 1390 2907 ‘incredi-

234 2941 311 3006 bilis
333 2928 570 3022 neglegentiae'
597 2939 707 3020 culpa,
731 2959 827 3020 quam
849 2938 964 3004 Rohdc
987 2941 1018 3004 ci
1040 2941 1178 3022 iniungit
1198 2961 1229 3024 p.
1249 2944 1303 3024 30,
1336 2941 1389 3010 hic

236 3059 363 3122 quoque
378 3038 599 3104 defendamus.
635 3039 720 3104 Nam
736 3039 822 3122 quod
842 3041 924 3104 inter
945 3035 1077 3104 ἰιονικὸν
1093 3032 1221 3125 ὅρχημα
1244 3049 1276 3106 et
1297 3045 1390 3128 illud,

236 3139 322 3224 quod
343 3139 513 3213 Artemidi
527 3139 699 3206 Siceliotae
722 3142 849 3224 saltant,
872 3138 1059 3205 Athenaeus
1083 3139 1246 3224 discernit,
1269 3142 1389 3210 Pollux

235 3262 299 3308 non
321 3243 408 3324 item,
432 3261 537 3307 nonne
551 3242 655 3324 magis
671 3246 720 3307 est
734 3243 803 3306 ueri
818 3242 922 3307 simile
945 3241 1163 3306 confusionem
1186 3260 1293 3308 errore
1316 3264 1387 3314 esse

235 3342 410 3408 admissam
426 3342 732 3425 quamdisiunxisse
747 3343 888 3425 aliquem
904 3362 986 3425 quac
1007 3343 1175 3409 coniuncta
1197 3345 1388 3413 inuenerat?

321 3444 463 3509 Pollucis
486 3445 736 3526 explicationem
757 3444 847 3510 uocis
873 3437 1051 3524 ὅκλασμα·.
1070 3435 1199 3530 ὅρχημα
1226 3445 1386 3532 περσικὸν

235 3543 291 3608 καὶ
314 3540 471 3607 σύντονον
493 3563 533 3608 ex
556 3545 637 3610 Iuba
659 3545 854 3628 descriptam
876 3566 946 3612 esse
969 3541 1084 3613 Rohdc
1110 3548 1185 3614 inde
1214 3552 1384 3636 concludit,

236 3644 324 3730 quod
345 3645 445 3712 schel.
461 3644 656 3730 Thesmoph.
672 3650 753 3711 1175
776 3643 990 3732 (βαρβαρικὸν
1004 3648 1061 3712 κοιλ
1075 3647 1242 3735 Περσικὸν
1258 3645 1385 3741 ὅρχημα

235 3741 388 3830 ὅκλασμα
403 3749 565 3827 καλεῖται)
587 3750 701 3816 Iubam
715 3752 748 3816 in
763 3749 913 3817 theatrali
928 3750 1062 3817 historia
1078 3751 1118 3817 dc
1134 3752 1195 3819 hac
1215 3755 1384 3824 saltatione

324 3900 347 3964 1)
364 3896 464 3952 Mirum
476 3897 628 3953 saltationis
641 3914 740 3973 nomen
751 3905 794 3954 cst
804 3898 870 3953 illud
882 3898 971 3968 χρεῶν
982 3893 1109 3966 ἀποκοπή
1121 3917 1147 3970 p.
1160 3901 1236 3956 629f.
1262 3903 1383 3974 corrige:

235 3980 342 4048 κριῶν
359 3977 533 4050 &contami
551 3983 612 4038 coll.
630 3983 698 4038 Poll.
718 3986 808 4052 §1052
828 3979 976 4051 Μιμητική,
998 3979 1038 4036 δι’
1052 3970 1081 4051 ἦν
1098 3987 1243 4054 ἐμιμοῦντο
1260 3987 1321 4042 code
1338 3993 1385 4044 daal

235 4063 270 4136 τῇ
288 4062 375 4137 κλοπῇ
392 4068 452 4120 τῶν
467 4065 565 4146 Ιἑώλων
581 4070 670 4139 κριῶν
688 4065 884 4138 ἁλισκομένων.
