<?xml version="1.0" encoding="UTF-8"?>
<!DOCTYPE html PUBLIC "-//W3C//DTD XHTML 1.0 Transitional//EN"
    "http://www.w3.org/TR/xhtml1/DTD/xhtml1-transitional.dtd">
<html xmlns="http://www.w3.org/1999/xhtml" xml:lang="en" lang="en">
 <head>
  <title>
</title>
<meta http-equiv="Content-Type" content="text/html;charset=utf-8" />
  <meta name='ocr-system' content='tesseract 3.04.00' />
  <meta name='ocr-capabilities' content='ocr_page ocr_carea ocr_par ocr_line ocrx_word'/>
</head>
<body>
  <div class='ocr_page' id='page_1' title='image "./defontibusquibu00bappgoog_0024.png"; bbox 0 0 2918 4748; ppageno 0'>
   <div class='ocr_carea' id='block_1_1' title="bbox 146 1190 1306 2430">
    <p class='ocr_par' dir='ltr' id='par_1_1' title="bbox 146 1190 1306 2430">
     <span class='ocr_line' id='line_1_1' title="bbox 236 1190 1302 1320; baseline 0.001 -19"><span class='ocrx_word' id='word_1_1' title='bbox 236 1190 386 1317; x_wconf 78' lang='lat' dir='ltr'>Lyriaae</span> <span class='ocrx_word' id='word_1_2' title='bbox 401 1232 599 1301; x_wconf 85' lang='lat' dir='ltr'>Graecorum</span> <span class='ocrx_word' id='word_1_3' title='bbox 615 1251 752 1316; x_wconf 80' lang='lat' dir='ltr'>poeseos</span> <span class='ocrx_word' id='word_1_4' title='bbox 772 1233 917 1316; x_wconf 90' lang='lat' dir='ltr'>reliquiis</span> <span class='ocrx_word' id='word_1_5' title='bbox 940 1239 973 1299; x_wconf 93' lang='lat' dir='ltr'>at</span> <span class='ocrx_word' id='word_1_6' title='bbox 993 1233 1147 1303; x_wconf 77' lang='lat' dir='ltr'>historiae</span> <span class='ocrx_word' id='word_1_7' title='bbox 1170 1238 1302 1320; x_wconf 91' lang='lat' dir='ltr'>quicun-</span> 
     </span>
     <span class='ocr_line' id='line_1_2' title="bbox 146 1333 1301 1422; baseline 0 -17"><span class='ocrx_word' id='word_1_8' title='bbox 146 1360 213 1422; x_wconf 90' lang='lat' dir='ltr'>que</span> <span class='ocrx_word' id='word_1_9' title='bbox 236 1356 369 1420; x_wconf 78' lang='lat' dir='ltr'>operam</span> <span class='ocrx_word' id='word_1_10' title='bbox 391 1338 566 1416; x_wconf 90' lang='lat' dir='ltr'>nauarunt,</span> <span class='ocrx_word' id='word_1_11' title='bbox 596 1340 750 1416; x_wconf 89' lang='lat' dir='ltr'>quantum</span> <span class='ocrx_word' id='word_1_12' title='bbox 770 1334 806 1398; x_wconf 93' lang='lat' dir='ltr'>in</span> <span class='ocrx_word' id='word_1_13' title='bbox 826 1333 879 1400; x_wconf 93' lang='lat' dir='ltr'>his</span> <span class='ocrx_word' id='word_1_14' title='bbox 902 1334 997 1400; x_wconf 89' lang='lat' dir='ltr'>rebus</span> <span class='ocrx_word' id='word_1_15' title='bbox 1025 1334 1181 1404; x_wconf 76' lang='lat' dir='ltr'><strong>debeatur</strong></span> <span class='ocrx_word' id='word_1_16' title='bbox 1202 1336 1301 1405; x_wconf 87' lang='lat' dir='ltr'>Athe·</span> 
     </span>
     <span class='ocr_line' id='line_1_3' title="bbox 149 1433 1303 1521; baseline 0 -17"><span class='ocrx_word' id='word_1_17' title='bbox 149 1440 226 1505; x_wconf 90' lang='lat' dir='ltr'>naei</span> <span class='ocrx_word' id='word_1_18' title='bbox 242 1435 534 1521; x_wconf 90' lang='lat' dir='ltr'>Deipnosophistis,</span> <span class='ocrx_word' id='word_1_19' title='bbox 554 1435 657 1519; x_wconf 90' lang='lat' dir='ltr'>probe</span> <span class='ocrx_word' id='word_1_20' title='bbox 672 1435 786 1501; x_wconf 90' lang='lat' dir='ltr'>sciunt.</span> <span class='ocrx_word' id='word_1_21' title='bbox 818 1433 933 1517; x_wconf 82' lang='lat' dir='ltr'>Neque</span> <span class='ocrx_word' id='word_1_22' title='bbox 948 1454 1025 1502; x_wconf 87' lang='lat' dir='ltr'>vero</span> <span class='ocrx_word' id='word_1_23' title='bbox 1041 1437 1190 1520; x_wconf 88' lang='lat' dir='ltr'>ignorant</span> <span class='ocrx_word' id='word_1_24' title='bbox 1202 1438 1303 1505; x_wconf 90' lang='lat' dir='ltr'>iidem</span> 
     </span>
     <span class='ocr_line' id='line_1_4' title="bbox 150 1531 1304 1622; baseline 0.001 -17"><span class='ocrx_word' id='word_1_25' title='bbox 150 1541 195 1605; x_wconf 93' lang='lat' dir='ltr'>de</span> <span class='ocrx_word' id='word_1_26' title='bbox 217 1537 282 1604; x_wconf 89' lang='lat' dir='ltr'>fide</span> <span class='ocrx_word' id='word_1_27' title='bbox 304 1556 430 1620; x_wconf 91' lang='lat' dir='ltr'>eorum,</span> <span class='ocrx_word' id='word_1_28' title='bbox 458 1554 541 1620; x_wconf 93' lang='lat' dir='ltr'>quae</span> <span class='ocrx_word' id='word_1_29' title='bbox 562 1531 605 1601; x_wconf 90' lang='lat' dir='ltr'>ab</span> <span class='ocrx_word' id='word_1_30' title='bbox 627 1534 689 1601; x_wconf 92' lang='lat' dir='ltr'>hoc</span> <span class='ocrx_word' id='word_1_31' title='bbox 711 1536 866 1619; x_wconf 90' lang='lat' dir='ltr'>scriptore</span> <span class='ocrx_word' id='word_1_32' title='bbox 893 1535 1012 1602; x_wconf 90' lang='lat' dir='ltr'>tradita</span> <span class='ocrx_word' id='word_1_33' title='bbox 1039 1544 1129 1622; x_wconf 91' lang='lat' dir='ltr'>sunt,</span> <span class='ocrx_word' id='word_1_34' title='bbox 1160 1538 1304 1606; x_wconf 89' lang='lat' dir='ltr'>iudicare</span> 
     </span>
     <span class='ocr_line' id='line_1_5' title="bbox 149 1634 1304 1724; baseline 0 -19"><span class='ocrx_word' id='word_1_35' title='bbox 149 1639 258 1706; x_wconf 92' lang='lat' dir='ltr'>adhuc</span> <span class='ocrx_word' id='word_1_36' title='bbox 273 1658 369 1722; x_wconf 92' lang='lat' dir='ltr'>quam</span> <span class='ocrx_word' id='word_1_37' title='bbox 383 1639 426 1704; x_wconf 91' lang='lat' dir='ltr'>sit</span> <span class='ocrx_word' id='word_1_38' title='bbox 439 1636 607 1702; x_wconf 90' lang='lat' dir='ltr'>lubricum.</span> <span class='ocrx_word' id='word_1_39' title='bbox 646 1634 717 1714; x_wconf 80' lang='lat' dir='ltr'>Quo</span> <span class='ocrx_word' id='word_1_40' title='bbox 732 1636 870 1703; x_wconf 90' lang='lat' dir='ltr'>maiores</span> <span class='ocrx_word' id='word_1_41' title='bbox 893 1638 979 1702; x_wconf 90' lang='lat' dir='ltr'>anim</span> <span class='ocrx_word' id='word_1_42' title='bbox 1000 1637 1166 1705; x_wconf 90' lang='lat' dir='ltr'>doctrinae</span> <span class='ocrx_word' id='word_1_43' title='bbox 1188 1640 1304 1724; x_wconf 88' lang='lat' dir='ltr'>copiae</span> 
     </span>
     <span class='ocr_line' id='line_1_6' title="bbox 148 1731 1304 1824; baseline 0 -19"><span class='ocrx_word' id='word_1_44' title='bbox 148 1742 242 1807; x_wconf 94' lang='lat' dir='ltr'>nobis</span> <span class='ocrx_word' id='word_1_45' title='bbox 266 1760 284 1807; x_wconf 94' lang='lat' dir='ltr'>e</span> <span class='ocrx_word' id='word_1_46' title='bbox 305 1739 495 1805; x_wconf 89' lang='lat' dir='ltr'>Naucratita</span> <span class='ocrx_word' id='word_1_47' title='bbox 516 1737 712 1821; x_wconf 90' lang='lat' dir='ltr'>redundant,</span> <span class='ocrx_word' id='word_1_48' title='bbox 745 1757 783 1804; x_wconf 93' lang='lat' dir='ltr'>eo</span> <span class='ocrx_word' id='word_1_49' title='bbox 806 1739 911 1821; x_wconf 91' lang='lat' dir='ltr'>magis</span> <span class='ocrx_word' id='word_1_50' title='bbox 934 1738 1095 1824; x_wconf 92' lang='lat' dir='ltr'>dolemus,</span> <span class='ocrx_word' id='word_1_51' title='bbox 1125 1731 1214 1823; x_wconf 85' lang='lat' dir='ltr'>quod</span> <span class='ocrx_word' id='word_1_52' title='bbox 1235 1741 1304 1807; x_wconf 87' lang='lat' dir='ltr'>fon·</span> 
     </span>
     <span class='ocr_line' id='line_1_7' title="bbox 149 1836 1305 1925; baseline 0.002 -20"><span class='ocrx_word' id='word_1_53' title='bbox 149 1844 231 1905; x_wconf 87' lang='lat' dir='ltr'>tium</span> <span class='ocrx_word' id='word_1_54' title='bbox 253 1842 323 1907; x_wconf 92' lang='lat' dir='ltr'>eius</span> <span class='ocrx_word' id='word_1_55' title='bbox 346 1838 528 1922; x_wconf 77' lang='lat' dir='ltr'>disquisitio</span> <span class='ocrx_word' id='word_1_56' title='bbox 550 1838 686 1904; x_wconf 86' lang='lat' dir='ltr'>vixdum</span> <span class='ocrx_word' id='word_1_57' title='bbox 714 1836 866 1904; x_wconf 90' lang='lat' dir='ltr'>incohata</span> <span class='ocrx_word' id='word_1_58' title='bbox 888 1844 946 1904; x_wconf 93' lang='lat' dir='ltr'>est.</span> <span class='ocrx_word' id='word_1_59' title='bbox 991 1838 1096 1917; x_wconf 79' lang='lat' dir='ltr'>Quam</span> <span class='ocrx_word' id='word_1_60' title='bbox 1119 1842 1179 1907; x_wconf 92' lang='lat' dir='ltr'>etsi</span> <span class='ocrx_word' id='word_1_61' title='bbox 1205 1842 1305 1925; x_wconf 90' lang='lat' dir='ltr'>pluri·</span> 
     </span>
     <span class='ocr_line' id='line_1_8' title="bbox 150 1940 1304 2027; baseline 0.002 -21"><span class='ocrx_word' id='word_1_62' title='bbox 150 1944 213 2027; x_wconf 86' lang='lat' dir='ltr'>mis</span> <span class='ocrx_word' id='word_1_63' title='bbox 229 1940 471 2007; x_wconf 89' lang='lat' dir='ltr'>difficultatibus</span> <span class='ocrx_word' id='word_1_64' title='bbox 485 1940 667 2005; x_wconf 74' lang='lat' dir='ltr'>intricatam</span> <span class='ocrx_word' id='word_1_65' title='bbox 681 1958 787 2023; x_wconf 91' lang='lat' dir='ltr'>neque</span> <span class='ocrx_word' id='word_1_66' title='bbox 804 1940 851 2005; x_wconf 90' lang='lat' dir='ltr'>ita</span> <span class='ocrx_word' id='word_1_67' title='bbox 869 1941 1044 2008; x_wconf 89' lang='lat' dir='ltr'>iucundam</span> <span class='ocrx_word' id='word_1_68' title='bbox 1065 1961 1137 2010; x_wconf 92' lang='lat' dir='ltr'>esse</span> <span class='ocrx_word' id='word_1_69' title='bbox 1152 1943 1304 2026; x_wconf 81' lang='lat' dir='ltr'>sciebam,</span> 
     </span>
     <span class='ocr_line' id='line_1_9' title="bbox 151 2040 1305 2127; baseline 0.001 -19"><span class='ocrx_word' id='word_1_70' title='bbox 151 2061 349 2127; x_wconf 81' lang='lat' dir='ltr'>magnopere</span> <span class='ocrx_word' id='word_1_71' title='bbox 370 2047 479 2107; x_wconf 92' lang='lat' dir='ltr'>tamen</span> <span class='ocrx_word' id='word_1_72' title='bbox 499 2042 715 2107; x_wconf 88' lang='lat' dir='ltr'>necessariam</span> <span class='ocrx_word' id='word_1_73' title='bbox 736 2040 908 2108; x_wconf 82' lang='lat' dir='ltr'>arbitratus</span> <span class='ocrx_word' id='word_1_74' title='bbox 936 2043 980 2108; x_wconf 93' lang='lat' dir='ltr'>ad</span> <span class='ocrx_word' id='word_1_75' title='bbox 1007 2043 1215 2109; x_wconf 88' lang='lat' dir='ltr'>muniendam</span> <span class='ocrx_word' id='word_1_76' title='bbox 1241 2064 1305 2127; x_wconf 93' lang='lat' dir='ltr'>qua</span> 
     </span>
     <span class='ocr_line' id='line_1_10' title="bbox 150 2141 1305 2228; baseline 0.003 -20"><span class='ocrx_word' id='word_1_77' title='bbox 150 2144 325 2209; x_wconf 86' lang='lat' dir='ltr'>innitentes</span> <span class='ocrx_word' id='word_1_78' title='bbox 347 2147 414 2207; x_wconf 91' lang='lat' dir='ltr'>tute</span> <span class='ocrx_word' id='word_1_79' title='bbox 435 2141 704 2225; x_wconf 81' lang='lat' dir='ltr'>progrederemur</span> <span class='ocrx_word' id='word_1_80' title='bbox 725 2143 812 2207; x_wconf 90' lang='lat' dir='ltr'>uiam</span> <span class='ocrx_word' id='word_1_81' title='bbox 837 2145 965 2227; x_wconf 91' lang='lat' dir='ltr'>suscepi</span> <span class='ocrx_word' id='word_1_82' title='bbox 992 2146 1192 2228; x_wconf 90' lang='lat' dir='ltr'>prouinciam</span> <span class='ocrx_word' id='word_1_83' title='bbox 1221 2145 1305 2211; x_wconf 92' lang='lat' dir='ltr'>hanc</span> 
     </span>
     <span class='ocr_line' id='line_1_11' title="bbox 149 2243 1306 2327; baseline 0.001 -17"><span class='ocrx_word' id='word_1_84' title='bbox 149 2245 219 2310; x_wconf 89' lang='lat' dir='ltr'>fore</span> <span class='ocrx_word' id='word_1_85' title='bbox 235 2263 368 2327; x_wconf 90' lang='lat' dir='ltr'>sperans</span> <span class='ocrx_word' id='word_1_86' title='bbox 383 2248 420 2308; x_wconf 93' lang='lat' dir='ltr'>ut</span> <span class='ocrx_word' id='word_1_87' title='bbox 432 2243 543 2326; x_wconf 88' lang='lat' dir='ltr'>lyricis</span> <span class='ocrx_word' id='word_1_88' title='bbox 557 2243 638 2309; x_wconf 92' lang='lat' dir='ltr'>meis</span> <span class='ocrx_word' id='word_1_89' title='bbox 654 2243 829 2326; x_wconf 90' lang='lat' dir='ltr'>aliquando</span> <span class='ocrx_word' id='word_1_90' title='bbox 844 2263 948 2310; x_wconf 91' lang='lat' dir='ltr'>nouae</span> <span class='ocrx_word' id='word_1_91' title='bbox 965 2245 1047 2312; x_wconf 92' lang='lat' dir='ltr'>lucis</span> <span class='ocrx_word' id='word_1_92' title='bbox 1061 2245 1209 2311; x_wconf 88' lang='lat' dir='ltr'>nonnihil</span> <span class='ocrx_word' id='word_1_93' title='bbox 1228 2246 1306 2311; x_wconf 91' lang='lat' dir='ltr'>inde</span> 
     </span>
     <span class='ocr_line' id='line_1_12' title="bbox 149 2345 1306 2430; baseline 0.003 -19"><span class='ocrx_word' id='word_1_94' title='bbox 149 2346 331 2429; x_wconf 86' lang='lat' dir='ltr'>affulgeret.</span> <span class='ocrx_word' id='word_1_95' title='bbox 375 2345 439 2410; x_wconf 91' lang='lat' dir='ltr'>Pro</span> <span class='ocrx_word' id='word_1_96' title='bbox 467 2345 529 2410; x_wconf 89' lang='lat' dir='ltr'>isto</span> <span class='ocrx_word' id='word_1_97' title='bbox 555 2363 628 2410; x_wconf 92' lang='lat' dir='ltr'>meo</span> <span class='ocrx_word' id='word_1_98' title='bbox 652 2345 787 2410; x_wconf 91' lang='lat' dir='ltr'>consilio</span> <span class='ocrx_word' id='word_1_99' title='bbox 810 2350 844 2410; x_wconf 93' lang='lat' dir='ltr'>ut</span> <span class='ocrx_word' id='word_1_100' title='bbox 866 2365 926 2429; x_wconf 90' lang='lat' dir='ltr'>par</span> <span class='ocrx_word' id='word_1_101' title='bbox 947 2353 1017 2412; x_wconf 90' lang='lat' dir='ltr'>erat</span> <span class='ocrx_word' id='word_1_102' title='bbox 1044 2347 1207 2430; x_wconf 87' lang='lat' dir='ltr'>profectus</span> <span class='ocrx_word' id='word_1_103' title='bbox 1234 2368 1306 2414; x_wconf 90' lang='lat' dir='ltr'>sum</span> 
     </span>
    </p>
   </div>
   <div class='ocr_carea' id='block_1_2' title="bbox 149 2444 1306 2635">
    <p class='ocr_par' dir='ltr' id='par_1_2' title="bbox 149 2444 1306 2635">
     <span class='ocr_line' id='line_1_13' title="bbox 149 2444 1306 2531; baseline 0.002 -19"><span class='ocrx_word' id='word_1_104' title='bbox 149 2448 192 2512; x_wconf 90' lang='lat' dir='ltr'>ab</span> <span class='ocrx_word' id='word_1_105' title='bbox 210 2449 256 2513; x_wconf 92' lang='lat' dir='ltr'>eis</span> <span class='ocrx_word' id='word_1_106' title='bbox 273 2446 442 2531; x_wconf 77' lang='lat' dir='ltr'>capitibus,</span> <span class='ocrx_word' id='word_1_107' title='bbox 466 2446 582 2528; x_wconf 90' lang='lat' dir='ltr'>quibus</span> <span class='ocrx_word' id='word_1_108' title='bbox 598 2447 747 2512; x_wconf 90' lang='lat' dir='ltr'>continuo</span> <span class='ocrx_word' id='word_1_109' title='bbox 763 2466 802 2512; x_wconf 93' lang='lat' dir='ltr'>ac</span> <span class='ocrx_word' id='word_1_110' title='bbox 816 2444 893 2514; x_wconf 86' lang='lat' dir='ltr'>fuso</span> <span class='ocrx_word' id='word_1_111' title='bbox 904 2467 1050 2514; x_wconf 90' lang='lat' dir='ltr'>sermone</span> <span class='ocrx_word' id='word_1_112' title='bbox 1071 2469 1122 2515; x_wconf 94' lang='lat' dir='ltr'>res</span> <span class='ocrx_word' id='word_1_113' title='bbox 1145 2449 1187 2515; x_wconf 89' lang='lat' dir='ltr'>ad</span> <span class='ocrx_word' id='word_1_114' title='bbox 1209 2450 1306 2516; x_wconf 91' lang='lat' dir='ltr'>musi·</span> 
     </span>
     <span class='ocr_line' id='line_1_14' title="bbox 150 2549 1219 2635; baseline -0.001 -18"><span class='ocrx_word' id='word_1_115' title='bbox 150 2573 224 2617; x_wconf 91' lang='lat' dir='ltr'>cam</span> <span class='ocrx_word' id='word_1_116' title='bbox 245 2553 446 2635; x_wconf 87' lang='lat' dir='ltr'>lyricamque</span> <span class='ocrx_word' id='word_1_117' title='bbox 468 2555 570 2616; x_wconf 88' lang='lat' dir='ltr'>artem</span> <span class='ocrx_word' id='word_1_118' title='bbox 592 2551 790 2632; x_wconf 90' lang='lat' dir='ltr'>pertinentes</span> <span class='ocrx_word' id='word_1_119' title='bbox 812 2549 890 2616; x_wconf 89' lang='lat' dir='ltr'>data</span> <span class='ocrx_word' id='word_1_120' title='bbox 912 2571 1012 2634; x_wconf 89' lang='lat' dir='ltr'>opera</span> <span class='ocrx_word' id='word_1_121' title='bbox 1034 2557 1219 2618; x_wconf 88' lang='lat' dir='ltr'>tractantur.</span> 
     </span>
    </p>
   </div>
   <div class='ocr_carea' id='block_1_3' title="bbox 629 2753 833 2762">
    <p class='ocr_par' dir='ltr' id='par_1_3' title="bbox 629 2753 833 2762">
     <span class='ocr_line' id='line_1_15' title="bbox 629 2753 833 2762; baseline 0.015 -3"><span class='ocrx_word' id='word_1_122' title='bbox 629 2753 833 2762; x_wconf 74' lang='lat'>-—--—..-..</span> 
     </span>
    </p>
   </div>
   <div class='ocr_carea' id='block_1_4' title="bbox 555 2916 904 3144">
    <p class='ocr_par' dir='ltr' id='par_1_4' title="bbox 555 2916 904 3144">
     <span class='ocr_line' id='line_1_16' title="bbox 640 2916 821 2993; baseline -0.006 0"><span class='ocrx_word' id='word_1_123' title='bbox 640 2916 765 2993; x_wconf 80' lang='lat' dir='ltr'>Garun</span> <span class='ocrx_word' id='word_1_124' title='bbox 791 2917 821 2992; x_wconf 91' lang='lat' dir='ltr'>I.</span> 
     </span>
     <span class='ocr_line' id='line_1_17' title="bbox 555 3065 904 3144; baseline -0.003 -2"><span class='ocrx_word' id='word_1_125' title='bbox 555 3065 621 3144; x_wconf 85' lang='lat' dir='ltr'>De</span> <span class='ocrx_word' id='word_1_126' title='bbox 653 3065 904 3144; x_wconf 79' lang='lat' dir='ltr'>Arc&#39;stccle.</span> 
     </span>
    </p>
   </div>
   <div class='ocr_carea' id='block_1_5' title="bbox 154 3218 1310 4112">
    <p class='ocr_par' dir='ltr' id='par_1_5' title="bbox 154 3218 1310 4112">
     <span class='ocr_line' id='line_1_18' title="bbox 240 3218 1308 3305; baseline -0.005 -18"><span class='ocrx_word' id='word_1_127' title='bbox 240 3223 278 3287; x_wconf 93' lang='lat' dir='ltr'>In</span> <span class='ocrx_word' id='word_1_128' title='bbox 299 3221 519 3305; x_wconf 91' lang='lat' dir='ltr'>disputatione</span> <span class='ocrx_word' id='word_1_129' title='bbox 542 3221 600 3285; x_wconf 95' lang='lat' dir='ltr'>illa</span> <span class='ocrx_word' id='word_1_130' title='bbox 620 3221 703 3285; x_wconf 90' lang='lat' dir='ltr'>libro</span> <span class='ocrx_word' id='word_1_131' title='bbox 727 3225 840 3302; x_wconf 89' lang='lat' dir='ltr'>quarto</span> <span class='ocrx_word' id='word_1_132' title='bbox 866 3220 1001 3303; x_wconf 90' lang='lat' dir='ltr'>inserta,</span> <span class='ocrx_word' id='word_1_133' title='bbox 1032 3239 1097 3302; x_wconf 91' lang='lat' dir='ltr'>qua</span> <span class='ocrx_word' id='word_1_134' title='bbox 1123 3218 1308 3284; x_wconf 88' lang='lat' dir='ltr'>describun-</span> 
     </span>
     <span class='ocr_line' id='line_1_19' title="bbox 154 3319 1308 3405; baseline 0 -18"><span class='ocrx_word' id='word_1_135' title='bbox 154 3332 207 3387; x_wconf 88' lang='lat' dir='ltr'>tur</span> <span class='ocrx_word' id='word_1_136' title='bbox 228 3325 438 3388; x_wconf 88' lang='lat' dir='ltr'>instrumenta</span> <span class='ocrx_word' id='word_1_137' title='bbox 459 3321 583 3387; x_wconf 91' lang='lat' dir='ltr'>musica</span> <span class='ocrx_word' id='word_1_138' title='bbox 604 3354 646 3365; x_wconf 88' lang='lat'>—</span> <span class='ocrx_word' id='word_1_139' title='bbox 667 3321 713 3386; x_wconf 96' lang='lat' dir='ltr'>IV</span> <span class='ocrx_word' id='word_1_140' title='bbox 734 3321 946 3405; x_wconf 81' lang='lat' dir='ltr'>p.174bsqq.</span> <span class='ocrx_word' id='word_1_141' title='bbox 968 3355 1019 3404; x_wconf 94' lang='lat'>-,</span> <span class='ocrx_word' id='word_1_142' title='bbox 1042 3322 1126 3386; x_wconf 91' lang='lat' dir='ltr'>inter</span> <span class='ocrx_word' id='word_1_143' title='bbox 1148 3319 1308 3387; x_wconf 90' lang='lat' dir='ltr'>Athenaei</span> 
     </span>
     <span class='ocr_line' id='line_1_20' title="bbox 156 3413 1309 3507; baseline 0 -21"><span class='ocrx_word' id='word_1_144' title='bbox 156 3427 303 3488; x_wconf 88' lang='lat' dir='ltr'>auctores</span> <span class='ocrx_word' id='word_1_145' title='bbox 324 3423 446 3504; x_wconf 91' lang='lat' dir='ltr'>primus</span> <span class='ocrx_word' id='word_1_146' title='bbox 462 3423 576 3489; x_wconf 89' lang='lat' dir='ltr'>obuius</span> <span class='ocrx_word' id='word_1_147' title='bbox 592 3427 641 3487; x_wconf 91' lang='lat' dir='ltr'>est</span> <span class='ocrx_word' id='word_1_148' title='bbox 657 3423 779 3505; x_wconf 89' lang='lat' dir='ltr'>legenti</span> <span class='ocrx_word' id='word_1_149' title='bbox 792 3413 1007 3507; x_wconf 81' lang='grc' dir='ltr'><strong><em>Ἀριστοκλῆς</em></strong></span> <span class='ocrx_word' id='word_1_150' title='bbox 1029 3417 1076 3500; x_wconf 82' lang='grc' dir='ltr'>(ἐν</span> <span class='ocrx_word' id='word_1_151' title='bbox 1089 3421 1138 3504; x_wconf 79' lang='lat' dir='ltr'>aqi</span> <span class='ocrx_word' id='word_1_152' title='bbox 1153 3421 1232 3507; x_wconf 78' lang='grc' dir='ltr'>περὶ</span> <span class='ocrx_word' id='word_1_153' title='bbox 1250 3445 1309 3501; x_wconf 86' lang='grc' dir='ltr'>χο-</span> 
     </span>
     <span class='ocr_line' id='line_1_21' title="bbox 158 3522 1309 3607; baseline 0.001 -23"><span class='ocrx_word' id='word_1_154' title='bbox 158 3523 248 3606; x_wconf 80' lang='grc' dir='ltr'>ρῶν).</span> <span class='ocrx_word' id='word_1_155' title='bbox 281 3522 344 3588; x_wconf 89' lang='lat' dir='ltr'>Hic</span> <span class='ocrx_word' id='word_1_156' title='bbox 359 3523 447 3606; x_wconf 91' lang='lat' dir='ltr'>apud</span> <span class='ocrx_word' id='word_1_157' title='bbox 461 3523 664 3590; x_wconf 84' lang='lat' dir='ltr'>Athenaeum</span> <span class='ocrx_word' id='word_1_158' title='bbox 679 3525 808 3607; x_wconf 88' lang='lat' dir='ltr'>saepius</span> <span class='ocrx_word' id='word_1_159' title='bbox 825 3523 974 3589; x_wconf 90' lang='lat' dir='ltr'>laudatur</span> <span class='ocrx_word' id='word_1_160' title='bbox 996 3522 1038 3589; x_wconf 95' lang='lat' dir='ltr'>de</span> <span class='ocrx_word' id='word_1_161' title='bbox 1058 3524 1154 3590; x_wconf 88' lang='lat' dir='ltr'>rebus</span> <span class='ocrx_word' id='word_1_162' title='bbox 1177 3522 1309 3587; x_wconf 89' lang='lat' dir='ltr'>musicis</span> 
     </span>
     <span class='ocr_line' id='line_1_22' title="bbox 157 3620 1310 3708; baseline -0.004 -20"><span class='ocrx_word' id='word_1_163' title='bbox 157 3630 257 3705; x_wconf 91' lang='lat' dir='ltr'>atque</span> <span class='ocrx_word' id='word_1_164' title='bbox 272 3623 350 3688; x_wconf 90' lang='lat' dir='ltr'>satis</span> <span class='ocrx_word' id='word_1_165' title='bbox 368 3624 476 3707; x_wconf 89' lang='lat' dir='ltr'>grauis</span> <span class='ocrx_word' id='word_1_166' title='bbox 498 3625 708 3708; x_wconf 84' lang='lat' dir='ltr'>locuplesque</span> <span class='ocrx_word' id='word_1_167' title='bbox 729 3622 824 3689; x_wconf 91' lang='lat' dir='ltr'>huius</span> <span class='ocrx_word' id='word_1_168' title='bbox 846 3625 1001 3691; x_wconf 90' lang='lat' dir='ltr'>materiae</span> <span class='ocrx_word' id='word_1_169' title='bbox 1022 3625 1160 3708; x_wconf 91' lang='lat' dir='ltr'>scriptor</span> <span class='ocrx_word' id='word_1_170' title='bbox 1181 3620 1310 3685; x_wconf 88' lang='lat' dir='ltr'>uidetur</span> 
     </span>
     <span class='ocr_line' id='line_1_23' title="bbox 156 3717 1308 3808; baseline -0.003 -18"><span class='ocrx_word' id='word_1_171' title='bbox 156 3725 267 3790; x_wconf 87' lang='lat' dir='ltr'>fuisse.</span> <span class='ocrx_word' id='word_1_172' title='bbox 301 3723 371 3789; x_wconf 91' lang='lat' dir='ltr'>Nec</span> <span class='ocrx_word' id='word_1_173' title='bbox 385 3730 493 3791; x_wconf 87' lang='lat' dir='ltr'>tamen</span> <span class='ocrx_word' id='word_1_174' title='bbox 507 3725 670 3808; x_wconf 90' lang='lat' dir='ltr'>tenebrae,</span> <span class='ocrx_word' id='word_1_175' title='bbox 694 3725 809 3807; x_wconf 91' lang='lat' dir='ltr'>quibus</span> <span class='ocrx_word' id='word_1_176' title='bbox 824 3724 887 3792; x_wconf 93' lang='lat' dir='ltr'>hoc</span> <span class='ocrx_word' id='word_1_177' title='bbox 901 3745 1019 3792; x_wconf 92' lang='lat' dir='ltr'>nomen</span> <span class='ocrx_word' id='word_1_178' title='bbox 1034 3726 1111 3791; x_wconf 91' lang='lat' dir='ltr'>olim</span> <span class='ocrx_word' id='word_1_179' title='bbox 1126 3739 1203 3786; x_wconf 90' lang='lat' dir='ltr'>sane</span> <span class='ocrx_word' id='word_1_180' title='bbox 1221 3717 1308 3786; x_wconf 91' lang='lat' dir='ltr'>haud</span> 
     </span>
     <span class='ocr_line' id='line_1_24' title="bbox 157 3820 1309 3911; baseline 0 -22"><span class='ocrx_word' id='word_1_181' title='bbox 157 3825 302 3909; x_wconf 83' lang='lat' dir='ltr'>ignobile</span> <span class='ocrx_word' id='word_1_182' title='bbox 324 3831 503 3908; x_wconf 87' lang='lat' dir='ltr'>temporum</span> <span class='ocrx_word' id='word_1_183' title='bbox 523 3827 694 3910; x_wconf 87' lang='lat' dir='ltr'>iniquitate</span> <span class='ocrx_word' id='word_1_184' title='bbox 715 3827 857 3893; x_wconf 91' lang='lat' dir='ltr'>uelatum</span> <span class='ocrx_word' id='word_1_185' title='bbox 880 3833 943 3911; x_wconf 93' lang='lat' dir='ltr'>est,</span> <span class='ocrx_word' id='word_1_186' title='bbox 969 3825 1077 3894; x_wconf 88' lang='lat' dir='ltr'>adhuc</span> <span class='ocrx_word' id='word_1_187' title='bbox 1099 3826 1173 3887; x_wconf 92' lang='lat' dir='ltr'>sunt</span> <span class='ocrx_word' id='word_1_188' title='bbox 1193 3820 1309 3889; x_wconf 90' lang='lat' dir='ltr'>distur-</span> 
     </span>
     <span class='ocr_line' id='line_1_25' title="bbox 157 3925 1309 4012; baseline -0.002 -20"><span class='ocrx_word' id='word_1_189' title='bbox 157 3927 254 3992; x_wconf 89' lang='lat' dir='ltr'>batae</span> <span class='ocrx_word' id='word_1_190' title='bbox 275 3945 381 4009; x_wconf 92' lang='lat' dir='ltr'>neque</span> <span class='ocrx_word' id='word_1_191' title='bbox 404 3932 509 3993; x_wconf 88' lang='lat' dir='ltr'>exstat</span> <span class='ocrx_word' id='word_1_192' title='bbox 529 3927 780 4010; x_wconf 87' lang='lat' dir='ltr'>fragmentorum</span> <span class='ocrx_word' id='word_1_193' title='bbox 803 3929 871 3994; x_wconf 90' lang='lat' dir='ltr'>eius</span> <span class='ocrx_word' id='word_1_194' title='bbox 892 3930 990 4012; x_wconf 89' lang='lat' dir='ltr'>plena</span> <span class='ocrx_word' id='word_1_195' title='bbox 1012 3925 1216 4005; x_wconf 86' lang='lat' dir='ltr'>diligensque</span> <span class='ocrx_word' id='word_1_196' title='bbox 1243 3926 1309 3992; x_wconf 87' lang='lat' dir='ltr'>col·</span> 
     </span>
     <span class='ocr_line' id='line_1_26' title="bbox 158 4023 1309 4112; baseline -0.001 -20"><span class='ocrx_word' id='word_1_197' title='bbox 158 4029 272 4111; x_wconf 79' lang='lat' dir='ltr'>lectio,</span> <span class='ocrx_word' id='word_1_198' title='bbox 295 4049 371 4094; x_wconf 89' lang='lat' dir='ltr'>nam</span> <span class='ocrx_word' id='word_1_199' title='bbox 394 4047 477 4112; x_wconf 90' lang='lat' dir='ltr'>quae</span> <span class='ocrx_word' id='word_1_200' title='bbox 499 4028 540 4092; x_wconf 87' lang='grc' dir='ltr'>Κ.</span> <span class='ocrx_word' id='word_1_201' title='bbox 556 4028 671 4094; x_wconf 84' lang='lat' dir='ltr'>ldtller</span> <span class='ocrx_word' id='word_1_202' title='bbox 693 4029 782 4095; x_wconf 81' lang='lat' dir='ltr'>FHG</span> <span class='ocrx_word' id='word_1_203' title='bbox 802 4029 849 4094; x_wconf 86' lang='lat' dir='ltr'>IV</span> <span class='ocrx_word' id='word_1_204' title='bbox 864 4049 896 4111; x_wconf 90' lang='lat' dir='ltr'>p.</span> <span class='ocrx_word' id='word_1_205' title='bbox 911 4030 972 4091; x_wconf 84' lang='lat'>329</span> <span class='ocrx_word' id='word_1_206' title='bbox 981 4044 1050 4106; x_wconf 90' lang='lat' dir='ltr'>sqq.</span> <span class='ocrx_word' id='word_1_207' title='bbox 1074 4023 1173 4106; x_wconf 86' lang='lat' dir='ltr'>dedit,</span> <span class='ocrx_word' id='word_1_208' title='bbox 1196 4045 1309 4109; x_wconf 91' lang='lat' dir='ltr'>parum</span> 
     </span>
    </p>
   </div>
   <div class='ocr_carea' id='block_1_6' title="bbox 0 0 1475 4748">
    <p class='ocr_par' dir='ltr' id='par_1_6' title="bbox 0 0 1475 4748">
     <span class='ocr_line' id='line_1_27' title="bbox 0 0 1475 4748; baseline 0 0"><span class='ocrx_word' id='word_1_209' title='bbox 0 0 1475 4748; x_wconf 95' lang='lat' dir='ltr'> </span> 
     </span>
    </p>
   </div>
  </div>
 </body>
</html>
