2918 4748
148 332 188 392 96
543 328 657 384 Carolus
674 327 804 382 Albertus
822 327 901 396 Bapp

147 505 228 570 talia
255 503 419 587 accepisse
449 501 617 584 probabile
645 498 788 567 reddidit
809 498 993 564 Volkmann
1019 498 1061 564 de
1083 496 1173 564 Suid.
1197 497 1304 581 biogr.

148 610 270 688 quaest.
287 605 344 671 sel.
363 625 394 688 p.
406 606 454 688 12,
479 609 511 669 et
526 601 745 669 Dicaearchus
758 601 943 667 Aristotelis
965 599 1152 684 discipulus.
1168 636 1210 645 -
1232 599 1305 666 Nec

147 707 251 790 magis
267 706 353 772 Rose
368 704 448 769 mihi
469 705 629 788 persuasit
651 705 693 770 do
714 705 827 787 fragm.
839 707 892 766 11:
917 701 1025 769 Sahal.
1042 703 1122 768 Bob.
1137 703 1171 767 in
1186 701 1253 768 Cic.
1270 722 1303 786 p.

147 806 244 873 Arch.
261 807 312 872 ed.
326 806 379 873 Or.
395 807 458 871 uol.
470 806 506 889 V,
520 808 539 867 2
559 826 590 889 p.
602 807 663 870 358
682 799 816 889 ‘primus
832 804 960 870 uidetur
975 804 1152 888 elegiarum
1174 823 1305 870 carmen

148 910 317 992 scripsisse
332 907 484 974 Callinos.
514 907 615 973 adicit
629 906 818 972 Aristoteles
832 912 1002 990 praeterea
1023 904 1086 971 hoc
1107 924 1208 988 genus
1219 924 1305 989 ,poe-

148 1015 214 1076 tas:
242 1008 470 1076 Antimachum
492 1007 728 1092 Colophonium
749 1006 979 1074 Archilochum
1000 1007 1130 1072 Parium
1153 1007 1304 1073 Mimner-

148 1131 237 1176 mnm
252 1110 504 1194 Colophonium
528 1129 663 1192 quornm
685 1129 817 1175 numero
833 1109 962 1176 additur
977 1110 1074 1176 etiam
1089 1108 1189 1174 Solon
1203 1108 1305 1175 Athe·

149 1213 270 1279 niensis
286 1212 395 1295 legum
410 1213 546 1295 scriptor
563 1201 809 1277 nobilissimus'.
847 1210 911 1276 Cur
926 1211 1050 1295 desunt,
1075 1229 1204 1293 quaero,
1226 1209 1304 1276 Phi·

149 1316 232 1380 letas
262 1310 571 1395 Callimachusque?
615 1313 686 1378 Hoc
714 1331 773 1395 per
801 1331 836 1377 se
865 1318 969 1396 patet,
1003 1313 1032 1378 si
1063 1318 1151 1378 recte
1184 1312 1306 1394 legitur

148 1415 357 1498 Aristotelem
379 1434 535 1498 perquam
556 1415 671 1479 mirum
695 1420 752 1496 001,
776 1415 804 1480 01
821 1413 996 1479 Aristocles
1019 1420 1129 1479 auctor
1151 1414 1304 1498 sumitur3

150 1518 207 1601 qui
234 1518 309 1585 illos
336 1537 402 1583 non
429 1516 534 1599 magis
557 1522 643 1583 certe
666 1517 826 1582 omisisset
852 1535 948 1599 quam
970 1517 1073 1582 Prool.
1097 1515 1185 1601 apud
1207 1514 1304 1582 Phot.

149 1640 182 1703 p.
199 1618 307 1701 3191),
338 1637 433 1701 quem
455 1617 589 1700 Didymi
613 1617 790 1683 doctrinam
818 1618 938 1683 referre
961 1623 1094 1684 constat.
1138 1616 1304 1695 1111010-

150 1720 280 1784 hilianus
302 1719 355 1801 (X,
374 1722 401 1801 1,
418 1720 471 1793 54)
498 1717 719 1784 Aristarchum
742 1724 774 1783 01
794 1717 1045 1801 Aristophanem
1066 1723 1227 1784 neminem
1254 1719 1305 1785 sui

148 1820 303 1904 temporis
319 1821 352 1884 in
365 1840 531 1886 numerum
546 1819 711 1902 redegisse
731 1818 837 1884 tradit.
875 1818 961 1902 Scio,
985 1818 1043 1886 sed
1065 1820 1142 1886 uide
1165 1820 1304 1887 eundem

150 1923 247 2004 paulo
277 1921 361 1986 infra
390 1921 442 2005 (X,
461 1925 488 2005 1,
506 1923 574 1999 58):
604 1914 837 2004 ε-01001000,
868 1921 958 1987 00100
988 1923 1138 2006 princeps
1166 1921 1303 1989 habetur

149 2021 383 2104 Callimachus,
406 2021 564 2087 secundas
587 2022 787 2088 confessione
808 2023 1017 2107 plurimorum
1040 2022 1185 2100 Philotas
1209 2044 1304 2091 0000-

149 2113 267 2207 pauit'.
286 2157 328 2168 -—
350 2121 499 2188 Ceterum
514 2121 623 2189 Photii
639 2129 670 2189 01
684 2124 819 2190 aliorum
835 2145 915 2207 quos
937 2124 1049 2191 laudat
1063 2126 1148 2191 Rose
1170 2126 1304 2210 scripto·

149 2245 220 2289 rum
241 2225 322 2290 locis
344 2223 380 2288 id
401 2223 488 2306 quod
505 2225 561 2290 ille
578 2224 740 2290 contendit
754 2225 930 2308 Didymum
952 2245 1023 2292 esse
1045 2226 1161 2293 scholii
1182 2229 1304 2296 fontem

149 2345 214 2390 non
235 2325 388 2410 probatur
410 2325 468 2392 sed
489 2327 653 2392 refellitur.

235 2427 350 2510 Itaque
372 2432 500 2509 praeter
521 2427 558 2492 ir.
575 2430 697 2493 90113
720 2427 872 2493 Aristooli
895 2427 1070 2511 quidquam
1091 2450 1133 2496 00
1146 2432 1305 2500 Aristote-

150 2529 221 2594 licis
243 2528 409 2594 uindicare
431 2548 495 2593 non
517 2530 628 2594 ausim.
674 2529 837 2595 Hactenus
861 2529 902 2596 de
924 2530 1015 2596 Rosii
1037 2535 1232 2602 commentis.

236 2631 276 2694 K.
292 2629 427 2695 Mueller
448 2649 526 2695 uero
548 2650 612 2695 non
634 2630 775 2697 substitit
800 2632 834 2695 in
855 2632 948 2698 unius
969 2632 1153 2702 Aristotelis
1175 2638 1304 2705 nomine

150 2751 224 2799 oum
245 2731 414 2797 Aristoclis
436 2733 660 2798 commutando
682 2752 793 2799 uerum
816 2733 913 2799 etiam
935 2735 1023 2818 apud
1044 2735 1119 2801 Ath.
1143 2758 1174 2820 p.
1190 2739 1215 2822 Ι,
1232 2738 1305 2806 aod

150 2854 210 2917 pro
232 2823 458 2918 Ἀριστόνικος
485 2834 599 2916 reponi
624 2835 693 2899 uult
714 2825 938 2918 Ἀριστοκλῆς.
977 2836 1193 2904 Aristonicum
1216 2861 1303 2924 sane,

150 2937 208 3016 qui
223 2935 264 2999 de
280 2934 450 2999 saltatione
468 2933 641 3015 scripserit,
664 2934 848 3015 ignoramus
863 2956 967 3019 00000
982 2959 1098 3004 nomen
1115 2940 1194 3005 alibi
1216 2942 1305 3024 apud

150 3032 353 3100 Athenaeum
375 3032 527 3115 occurrit3
558 3038 667 3099 contra
696 3035 816 3116 optime
845 3054 928 3118 quae
955 3035 1009 3101 hio
1036 3045 1203 3103 narrantur
1230 3061 1304 3107 000-

151 3134 284 3200 0001001
298 3133 459 3200 Aristocli.
497 3133 584 3212 Quid
602 3132 688 3216 quod
710 3135 811 3200 uerba
832 3135 908 3202 inde
930 3156 951 3200 a
972 3136 1027 3199 καὶ
1049 3138 1107 3220 τῆς
1128 3142 1304 3224 σατυρικῆς

150 3234 318 3319 usquead
341 3231 432 3320 Κρῆς
457 3219 497 3319 ῆν
520 3229 537 3298 ὁ
562 3238 711 3309 Σίκιννος
740 3242 919 3320 congruunt
947 3255 1018 3302 oum
1041 3238 1087 3303 eis
1110 3258 1193 3320 quae
1215 3241 1303 3328 XIV,

152 3339 244 3402 6301
268 3357 310 3402 00
324 3337 492 3404 Aristoclis
514 3337 597 3402 libro
619 3337 699 3418 περὶ
712 3337 819 3422 χορῶν
841 3336 1027 3404 laudantur:
1051 3338 1201 3407 καλεῖται
1224 3340 1260 3407 δὲ
1282 3339 1303 3430 ῆ

151 3433 211 3517 μὲν
227 3435 383 3520 σατυρικῆ
398 3438 466 3501 κτλ.
497 3439 587 3504 Ηο00
601 3457 678 3504 uero
687 3439 864 3506 Aristocles
879 3439 1050 3524 descripsit
1065 3461 1107 3507 00
1118 3442 1305 3513 Aristoxeni

150 3537 234 3603 libro
258 3559 294 3600 ντ.
314 3539 469 3622 τραγικῆς
491 3529 673 3623 ὀρχήσεως;
694 3541 771 3606 uide
793 3541 898 3606 Bekk.
914 3542 1035 3608 Anood.
1051 3548 1163 3628 plot,
1175 3550 1304 3634 17000,

154 3637 257 3721 Phot.‚
280 3639 329 3703 Et.
345 3638 386 3703 M.
404 3659 428 3705 s.
440 3659 471 3705 u.
488 3642 626 3714 σίκιννις
638 3642 669 3719 ¹).
706 3642 820 3726 Itaque
841 3648 897 3709 aut
914 3643 1141 3710 Aristoxenum
1163 3654 1219 3714 aut
1231 3649 1304 3715 Ari-

243 3807 266 3870 1)
284 3803 387 3858 Eadem
410 3804 534 3860 doctrina
557 3806 631 3876 apud
648 3809 821 3862 Ammonium
840 3824 861 3863 s.
874 3824 901 3863 0.
914 3805 1015 3878 κόρδαξ
1036 3815 1063 3864 01
1084 3812 1157 3879 apud
1175 3813 1304 3872 Eustath.

152 3886 189 3940 ad
206 3888 237 3941 Il.
249 3893 277 3938 Σ
282 3893 330 3943 605
342 3906 370 3960 p.
379 3892 454 3955 1161,
464 3893 495 3944 23
510 3895 553 3956 (ex
562 3892 621 3947 Ael.
632 3892 762 3963 Dionysio
776 3899 803 3946 et
814 3893 968 3959 Pausania).
997 3894 1104 3951 Turbae
1116 3897 1202 3952 mouit
1213 3899 1304 3955 Schol.

154 3971 289 4037 11.Σ617,
308 3974 379 4029 unde
391 3975 466 4030 Suid.
481 3991 503 4031 s.
513 3992 539 4030 u.
554 3983 682 4049 πυρρίχης
702 3977 748 4046 001
763 3992 907 4046 perperam
924 3977 1038 4034 miscent
1054 3981 1154 4050 lyricae
1172 3989 1199 4036 st
1216 3985 1306 4039 sceni-

150 4070 204 4110 cae
222 4055 372 4114 saltationis
389 4075 496 4128 genera.
