2918 4748
255 361 322 419 150
657 351 769 408 Carolus
786 349 916 406 Albertus
934 350 1011 418 Bupp

258 551 330 598 esse
350 529 504 596 sublecta.
541 525 632 591 Idem
655 544 680 591 s.
696 544 726 589 u.
743 519 903 607 Σωτάδης
926 541 974 604 ea,
993 487 1080 603 cuae
1095 518 1170 585 Ath.
1186 520 1264 585 XIV
1278 540 1310 604 p.
1324 523 1412 586 62οο

260 634 301 699 de
323 631 428 717 poetis
450 627 625 696 cinaedicis
647 625 759 709 refert,
788 644 829 690 ex
852 622 966 690 eodem
989 623 1075 688 fonte
1099 620 1232 688 exhibet
1253 623 1411 706 pleniora.

337 849 568 933 Tryphoniana
583 848 740 930 Dionysio
759 847 899 911 tribuere
914 864 977 910 non
993 842 1105 908 ausim.
1139 846 1297 915 Pamphilo
1313 841 1412 908 Athe-

258 973 375 1019 naeum
388 951 515 1033 debere,
531 968 738 1033 quaecunque
751 941 806 1014 ‘de
819 948 947 1030 organis
959 945 1089 1011 musicis
1106 943 1220 1009 eodem
1235 951 1332 1026 atque
1347 944 1412 1010 He·

250 1038 390 1138 ‘sy'chius
410 1053 506 1118 modo
524 1041 648 1133 tradit',
671 1051 712 1114 M.
730 1048 876 1117 Schmidt
898 1053 1006 1114 censet
1025 1045 1063 1125 Q.
1079 1046 1155 1112 Hes.
1179 1067 1209 1131 p.
1223 1044 1333 1110 LXXI
1341 1066 1411 1129 sqq.

259 1155 379 1221 Contra
401 1173 483 1234 quae
505 1158 591 1218 recte
613 1151 727 1218 Robde
757 1154 799 1235 (p.
817 1152 856 1215 53
879 1155 943 1216 not.
957 1151 988 1226 2)
1018 1148 1190 1215 Weberum
1220 1153 1348 1213 secutus
1372 1147 1413 1214 de

259 1255 429 1338 Pamphilo
455 1274 496 1319 ex
518 1252 684 1336 Hesycbio
706 1251 787 1317 nihil
810 1271 905 1336 posse
928 1249 1076 1317 concludi
1099 1249 1218 1315 statuit.
1263 1249 1413 1315 Debebat

261 1357 437 1439 Didymum
452 1375 571 1439 ponere
583 1353 730 1419 Schmidt
744 1374 802 1437 pro
815 1351 993 1436 Pamphilo.
1021 1349 1154 1433 Trypho
1166 1355 1273 1415 autem
1283 1357 1414 1434 praeter

258 1459 435 1542 Didymum
452 1458 549 1522 etiam
564 1457 663 1521 Iubae
679 1456 790 1538 copias
805 1457 893 1538 ipsas
908 1454 1003 1519 adiit:
1026 1473 1100 1518 nam
1121 1453 1275 1519 nonnulla
1296 1452 1413 1517 instru-

258 1567 375 1642 menta,
399 1559 572 1641 dequibus
589 1557 861 1639 elubarefertur,
885 1576 948 1622 non
970 1559 1259 1621 commemorantur
1280 1554 1322 1618 ab
1346 1553 1412 1619 He·

257 1660 371 1743 sychio
394 1657 570 1741 (μόναυλος
591 1678 623 1742 p.
638 1664 734 1741 175e,
757 1654 945 1741 ψαλτήριον
964 1663 996 1733 et
1012 1652 1200 1739 ἐπιγόνειον
1221 1675 1252 1739 p.
1265 1658 1325 1719 183
1335 1655 1364 1730 e)
1390 1659 1411 1733 l.

257 1762 328 1828 Nec
350 1763 416 1828 scio
439 1783 480 1828 an
503 1781 543 1827 ea
565 1780 692 1843 quoque
707 1761 807 1826 Iubae
829 1760 1023 1842 testimonia,
1047 1758 1238 1841 quibuscum
1254 1759 1413 1824 consentit

258 1861 456 1947 Hesychius,
486 1882 528 1929 ex
550 1863 622 1946 ipso
644 1863 726 1928 Iuba
748 1861 890 1928 hauserit
912 1860 1064 1944 Tryph03
1093 1881 1168 1926 nam
1196 1860 1304 1926 uerbis
1332 1860 1412 1926 satis

258 1965 368 2046 utique
391 1962 575 2048 discrepant
596 1963 782 2029 Athenaeus
805 1969 837 2027 et
857 1960 1040 2046 Hesychius
1069 1963 1240 2047 (τρίγωνον
1262 1981 1293 2044 p.
1309 1961 1410 2043 175d,

258 2061 455 2149 λοροφοίνιξ
474 2061 828 2147 ib.et1830,-t'tvpot
853 2066 929 2148 176,
958 2060 1089 2149 φῶτιγξ
1111 2067 1212 2147 175θ,
1236 2062 1412 2127 σκνταλίαι

261 2169 368 2244 177a).
414 2165 507 2231 Certe
534 2165 715 2247 eDidymo
743 2172 816 2233 sunt
843 2165 1012 2249 desumpta
1040 2166 1190 2232 Ameriae
1219 2173 1250 2232 et
1271 2164 1410 2230 Artemi-

257 2269 328 2332 dori
354 2268 551 2350 testimonia,
580 2267 614 2332 id
639 2268 725 2350 quod
750 2274 885 2352 apparet
907 2268 978 2334 coll.
1001 2262 1141 2352 Hesycb.
1157 2288 1182 2334 s.
1199 2287 1228 2332 u.
1243 2263 1410 2350 τιτύρινος

254 2371 308 2446 (cf.
330 2367 433 2434 Rohd.
458 2371 564 2452 p.34).
616 2369 735 2435 Contra
763 2390 832 2435 cum
863 2392 893 2454 p.
909 2374 995 2434 175e
1028 2367 1192 2450 μόναυλος
1219 2374 1251 2434 et
1280 2365 1413 2452 φιότιγξ

254 2471 351 2534 simul
371 2469 484 2534 eluba
507 2470 685 2553 laudentur,
709 2470 795 2554 apud
811 2471 888 2537 Hes.
912 2492 976 2536 non
998 2471 1060 2536 nisi
1084 2467 1213 2555 φώτιμξ
1233 2477 1409 2552 comparet.

293 2632 301 2647 ,
343 2569 405 2635 Ροι
434 2569 631 2653 Hesychium
664 2572 761 2654 igitur
788 2573 863 2638 licet
892 2575 1019 2639 mittere
1048 2571 1268 2654 Pamphilum,
1303 2591 1409 2654 neque

255 2671 386 2737 omnino
409 2671 464 2736 illo
489 2690 629 2755 egemus.
667 2670 734 2737 Sed
755 2693 796 2739 ne
819 2680 925 2757 potest
948 2674 1077 2756 quidem
1100 2672 1288 2758 Pamphilus
1309 2673 1408 2739 Athe-

256 2773 330 2837 naei
359 2772 457 2838 fuisse
485 2773 555 2839 fons
584 2775 617 2838 in
645 2776 774 2857 organis
800 2776 929 2842 musicis
958 2781 1014 2843 aut
1042 2775 1265 2842 saltationibus
1288 2773 1408 2840 descri-

203 2875 207 2883 '
256 2874 380 2940 bendis.
425 2873 507 2938 Nam
532 2874 695 2958 Pamphili
717 2877 845 2942 lexicon
867 2879 913 2943 ita
934 2878 1033 2944 fuisse
1056 2878 1234 2943 institutum
1257 2877 1409 2961 probauit

256 2975 388 3056 Weber,
418 2979 454 3038 ut
482 2975 515 3038 in
543 2975 677 3059 singulis
701 2978 860 3063 capitibus
882 2979 961 3063 περὶ
985 2980 1164 3060 σταθμῶν,
1196 2979 1275 3063 περὶ
1298 2975 1408 3041 ἐκπω-

255 3072 386 3158 μάτων,
416 3075 564 3142 similiter
593 3079 753 3164 inscriptis
780 3100 877 3147 uoces
898 3077 982 3144 κατὰ
1006 3092 1169 3161 στοιχεῖον
1192 3081 1406 3147 decurrerent.

255 3176 322 3241 Iam
345 3177 379 3240 in
401 3177 475 3242 aliis
490 3197 568 3242 sane
583 3176 742 3245 Athenaei
765 3181 919 3264 partibus,
944 3201 1023 3264 quas
1046 3181 1250 3265 ePampbilo
1274 3181 1408 3250 haustas

256 3297 328 3343 esse
344 3283 465 3343 tantum
480 3298 545 3345 non
560 3287 679 3346 certum
696 3289 744 3348 est
766 3282 866 3356 (uelut
887 3285 995 3368 capita
1017 3284 1096 3367 περὶ
1118 3281 1230 3367 μύρων
1252 3285 1307 3348 καὶ
1332 3304 1407 3350 στε-

256 3376 381 3464 φάνων,
400 3380 478 3464 περὶ
495 3379 654 3467 δευτέρων
668 3380 863 3464 τραπεζῶν),
887 3385 964 3451 ordo
981 3387 1036 3468 qui
1051 3385 1168 3451 dicitur
1182 3386 1406 3470 alphabeticus

254 3498 385 3563 prorsus
408 3480 532 3548 deletus
555 3503 594 3550 ac
616 3485 786 3551 subuersus
816 3492 864 3552 est
893 3488 1033 3572 itemque
1064 3489 1208 3555 turbatus
1236 3491 1269 3554 in
1299 3491 1405 3574 capite

255 3583 312 3648 illo
335 3581 414 3665 περὶ
431 3578 635 3665 ἐκπωμάτων
654 3587 869 3654 inscribendo.
907 3589 971 3656 Sed
994 3591 1133 3657 uidimus
1149 3590 1350 3658 Athenaeum
1374 3601 1406 3659 et

257 3686 420 3751 Pollucem
437 3687 469 3750 in
483 3687 686 3753 recensendis
700 3691 929 3757 cantilenarum
944 3695 1115 3776 generibus
1130 3713 1171 3759 ex
1186 3700 1277 3776 parte
1290 3695 1403 3760 eodem

255 3787 302 3850 uti
326 3787 572 3854 enumerationis
594 3788 705 3855 ordine
728 3810 831 3874 eoque
854 3814 916 3859 non
939 3794 1159 3878 alphabetico;
1184 3795 1270 3862 idem
1286 3796 1404 3863 accidit

255 4082 274 4135 fi
344 4005 366 4064 l)
384 4003 535 4074 Hesychius
553 4009 643 4060 autem
661 4006 816 4064 uniuersum
833 4010 935 4079 recepit
946 4009 1102 4081 Didymum:
1123 4014 1158 4067 cf.
1175 4014 1262 4068 Rohd.
1279 4018 1331 4081 pa
1351 4013 1401 4067 sub

278 4096 345 4139 nem.
909 4117 912 4123 .
1026 4122 1030 4129 .
