2918 4748
97 349 140 404 De
157 348 279 405 fontibus
298 351 396 420 quibus
413 352 570 408 Athenaeus
587 352 616 408 in
632 353 714 410 rebus
732 370 801 411 mue.
819 356 870 426 lyr.
888 372 978 414 enarr.
998 374 1063 416 usus
1081 361 1125 418 sit.
1155 362 1215 422 131

61 529 169 590 autem
199 541 310 589 uersus
339 525 445 607 capite
473 527 512 589 35
542 527 601 591 toti
630 525 706 595 huic
735 527 776 594 de
804 530 979 612 magadide
1009 531 1219 615 disputationi

60 624 265 710 praepositus
288 631 352 707 cst;
385 645 468 708 quac
490 628 531 693 ab
554 627 605 694 his
628 629 774 696 uersibus
795 631 900 715 primo
932 633 1044 699 obtutu
1072 635 1155 699 inter
1182 652 1219 700 se

60 728 279 813 pugnantibus
294 727 504 811 proficiscitur
519 748 557 795 eo
573 731 719 814 consilio,
741 738 777 797 ut
792 733 1010 799 concilientur.
1043 734 1138 802 Unde
1161 736 1217 817 qui

59 831 146 897 Ionis
169 848 297 896 uersum
319 831 559 914 interpretetur,
591 832 736 898 eiusdem
758 853 830 900 esse
852 840 1041 917 sequentem
1067 835 1109 900 de
1131 836 1218 901 Ana·

59 938 190 999 creonte
214 931 464 1015 disputationem
488 931 568 999 mihi
591 942 711 1001 certum
740 934 878 1001 uidetur.
923 937 1090 1003 Posidonii
1120 937 1218 1019 igitur

60 1035 252 1102 sententiam
268 1054 289 1099 a
304 1033 446 1118 Didymo
462 1037 495 1100 in
512 1027 765 1122 ἀντεξηγήσεσιν
780 1038 892 1103 referri
907 1044 939 1103 et
954 1039 1086 1104 refutari
1101 1044 1216 1105 statuo.

58 1135 196 1203 Accedit
225 1134 312 1218 quod
334 1135 376 1201 ad
400 1142 497 1219 caput
519 1139 558 1201 35
587 1137 638 1203 bis
668 1140 700 1203 in
728 1139 936 1223 sequentibus
968 1145 1145 1223 spectatur:
1174 1138 1218 1204 cd

58 1238 289 1305 Aristoxenum
305 1243 338 1303 ct
352 1238 395 1303 ad
411 1237 585 1303 Phillidem
607 1240 693 1305 redit
712 1241 823 1307 oratio.
861 1240 956 1318 Quod
979 1260 1055 1307 uero
1077 1241 1120 1306 ad
1135 1241 1217 1323 Try-

58 1339 177 1424 phonis
200 1339 416 1405 testimonium
438 1358 504 1404 non
525 1341 710 1423 respicitur,
740 1340 899 1424 Didymus
928 1340 989 1407 hoc
1012 1342 1040 1407 si
1061 1342 1216 1423 uouisset,

59 1447 146 1508 certe
162 1442 290 1507 silentio
306 1441 482 1524 praeterire
496 1462 560 1508 non
575 1443 695 1525 potuit;
718 1440 777 1507 sed
797 1462 861 1507 non
877 1443 979 1507 nouit.
1012 1441 1217 1508 Athenaeum

59 1549 169 1609 autem
192 1542 253 1609 hoe
276 1542 316 1609 de
339 1563 397 1609 suo
420 1544 611 1628 apposuisse
629 1543 725 1609 facile
740 1533 907 1626 concedes,
931 1544 1052 1627 quippe
1075 1544 1131 1625 qui
1153 1543 1217 1608 ianr

58 1647 94 1712 in
123 1645 206 1712 libro
226 1645 273 1710 IV
298 1644 383 1712 huno
405 1644 591 1729 Tryphonis
620 1646 727 1711 locum
755 1645 971 1728 descripserit.
1014 1645 1087 1710 Illic
1114 1645 1218 1710 noluit

57 1766 176 1813 nomen
204 1747 362 1831 profiteri,
392 1748 469 1830 quia
495 1748 670 1833 praecipuo
693 1751 824 1813 auctore
852 1747 1001 1812 utebatur
1022 1745 1216 1830 Tryphone;

57 1847 115 1915 hic
129 1850 185 1915 ubi
201 1850 281 1915 alios
298 1850 449 1931 sequitur,
466 1851 607 1932 speciem
620 1848 708 1915 docti
723 1847 862 1914 affectat.
894 1848 1033 1930 Reliqua
1046 1848 1162 1932 capitis
1176 1849 1216 1910 35

59 1952 170 2016 omnia
192 1951 334 2032 Didymo
357 1950 497 2014 tribuere
518 1971 583 2015 non
605 1950 726 2017 dubito.

147 2051 272 2133 Capitis
289 2051 328 2113 36
347 2050 482 2114 alteram
496 2056 619 2132 partem
634 2072 675 2116 ex
692 2051 808 2119 eodem
828 2051 912 2117 libro
936 2055 1121 2133 excerptam
1144 2066 1217 2115 esse

56 2153 219 2234 uidimus,
254 2151 343 2216 cuius
372 2149 472 2216 uerba
499 2152 677 2218 accuratius
710 2173 770 2220 nec
802 2159 910 2218 tamen
944 2153 1042 2236 plena
1074 2151 1216 2216 seruauit

58 2260 161 2336 caput
183 2255 232 2335 37,
250 2254 300 2316 38.
344 2250 530 2318 Athenaeus
552 2253 664 2335 igitur,
693 2274 763 2319 curn
785 2255 947 2337 inpriore
970 2257 1122 2334 excerpto
1145 2270 1216 2316 sen-

58 2355 231 2420 tentiarum
254 2372 371 2419 nexum
395 2373 430 2419 se
452 2373 516 2418 non
538 2373 667 2420 curasse
689 2353 915 2437 intellexisset,
942 2355 1078 2420 alterurn
1099 2352 1216 2418 fecisse

59 2454 221 2539 putandus
251 2458 344 2532 est1).
375 2488 417 2499 —
447 2453 565 2521 Contra
591 2455 638 2520 IV
663 2478 696 2542 p.
712 2457 878 2539 1820sqq.
913 2454 1049 2521 eandem
1081 2453 1216 2538 Didymi

63 2556 320 2623 dissertationem
343 2557 504 2640 excerpsit
521 2557 665 2642 Trypho,
689 2578 785 2641 quem
807 2558 993 2624 Athenaeus
1016 2557 1159 2638 sequitur
1181 2555 1215 2620 iu

64 2665 130 2724 tota
151 2659 210 2723 illa
232 2657 273 2724 de
296 2659 423 2741 organis
447 2660 576 2724 musicis
599 2660 830 2741 disputatione.

147 2759 252 2843 Caput
273 2764 314 2823 40
341 2759 457 2824 Rohde
473 2757 518 2822 'et
545 2760 649 2840 ipsum
679 2758 812 2840 Didymi
842 2748 1076 2841 ἆντεξηγήσεσι
1104 2755 1216 2820 deberi

65 2868 181 2944 censet,
205 2862 282 2944 quia
295 2866 371 2945 post
387 2879 554 2925 excursum
570 2859 711 2924 alienum
727 2878 831 2925 sermo
853 2857 966 2924 redeat
986 2857 1030 2924 ad
1053 2856 1215 2940 magadin.

64 2963 110 3030 Ao
124 2963 268 3047 proiecto
283 2968 319 3027 ut
333 2961 472 3028 eundem
493 2966 656 3026 auctorem
679 2961 732 3028 hic
754 2961 886 3028 subesse
909 2966 1095 3045 statuamus,
1119 2978 1215 3042 quem

65 3065 96 3129 in
108 3066 236 3147 reliqua
250 3063 292 3129 de
306 3062 369 3129 hoc
384 3082 503 3145 organo
519 3062 743 3146 disquisitione
758 3063 944 3129 Athenaeus
967 3063 1120 3146 sequitur,
1143 3082 1215 3129 sua-

65 3165 139 3232 dent
161 3166 283 3231 omnia:
311 3164 456 3230 doctrina
477 3165 688 3248 peripatetica
710 3164 870 3247 (Artemo,
892 3163 1018 3248 Duris),
1044 3164 1214 3230 Aristoclis

65 3273 96 3332 et
121 3265 312 3352 Apollodori
343 3267 479 3351 mentio,
507 3274 676 3351 poctarum
705 3265 888 3332 testimonia
913 3265 1087 3346 lyricorum
1117 3263 1215 3344 tragi-

65 3388 244 3452 corumque.

140 3471 211 3553 Age
226 3490 309 3536 nunc
321 3471 489 3535 uideamus
505 3470 556 3534 cui
568 3468 753 3552 debeantur,
770 3487 852 3551 quac
867 3468 901 3532 in
917 3467 1075 3551 capitibus
1087 3468 1213 3529 34-40

64 3591 127 3639 non
144 3573 185 3638 de
200 3571 373 3653 magadide
397 3569 455 3636 sed
477 3569 518 3635 de
541 3570 614 3635 aliis
636 3570 732 3637 rebus
754 3570 884 3637 musicis
908 3575 1118 3654 exponuntur.
1153 3565 1213 3632 Oa·

65 3674 131 3758 pite
154 3678 191 3738 41
217 3673 353 3739 alterum
370 3671 552 3738 Artemonis
575 3670 787 3755 fragmentum
809 3671 994 3755 exhibetur3
1016 3672 1116 3755 prius,
1135 3685 1213 3732 >cum

66 3774 106 3842 de
121 3775 295 3859 magadide
310 3781 397 3858 agat,
420 3773 563 3857 Didymo
584 3773 835 3856 uindicauimus;
857 3773 919 3839 hoc
936 3791 1013 3838 uero
1029 3770 1070 3836 de
1085 3765 1213 3852 tripode

152 4012 176 4074 1)
194 4005 311 4062 Similem
324 4004 351 4057 in
363 4004 471 4058 modum
484 4022 511 4074 p.
522 4004 589 4060 filli
604 4019 638 4059 ex
649 4009 726 4074 parte
738 4004 953 4074 antecapiuntur,
972 4015 1040 4069 quae
1052 4018 1079 4071 p.
1090 4000 1211 4070 ornum.

66 4092 188 4160 pluribus
205 4090 330 4159 exposita
347 4090 468 4206 legiprus.
972 4170 1009 4224 9*
1038 4126 1041 4132 .
