2918 4748
206 335 249 389 De
267 333 388 389 lontibus
406 332 504 403 quibus
521 333 677 389 Athenaeus
694 332 723 387 in
739 332 819 388 rebus
837 348 906 388 mus.
924 332 974 402 lyr.
992 347 1080 388 enarr.
1099 347 1165 390 usus
1183 334 1226 389 sit.
1263 334 1304 392 93

149 498 266 582 Ἀσίας
280 507 340 591 τῆς
354 501 479 592 μητρὸς
490 506 714 591 Προμηθέως)
726 507 758 584 1).
787 505 913 588 Δοῦριν
929 503 964 569 δὲ
974 496 1205 591 Ἀριστοτέλης
1221 505 1305 592 φησὶ

149 608 265 692 λέγειν,
288 599 342 672 ὅτι
359 603 482 694 ἐκλήθη
497 598 614 682 Ἀσιὰς
637 598 705 671 άιτδ
728 607 795 669 τῶν
813 609 992 691 χρωμένων
1006 610 1167 690 Λεσβίων
1184 606 1307 682 οἵτινες

150 707 281 774 οἰκοῦσι
302 706 390 795 πρὸς
410 711 452 793 τῇ
468 700 582 794 Ἀσίη·
607 707 640 773 οἱ
662 706 698 772 δὲ
722 699 790 772 dab
819 705 987 793 Τυρρηνοῦ
1009 706 1130 773 Λυδοῦ
1152 703 1305 792 εὑρόντος

151 809 289 896 πρώτου
310 808 349 876 τὸ
375 814 531 894 τρίγωνον
561 803 718 895 ὄργανον·
749 809 781 874 ολ
811 806 847 872 δὲ
875 801 944 874 dab
972 808 1198 896 Τερπάνδρου.
1243 811 1306 876 Ηίο

151 921 208 979 aut
229 915 353 998 Δοῦρις
376 910 411 976 δὲ
433 904 646 999 Ἀριστοτέλη
670 919 726 978 aut
747 912 872 995 Δοῦριν
896 909 932 974 δὲ
953 903 1168 998 Ἀριστοκλῆς
1195 915 1305 996 legen·

152 1016 229 1081 dum
244 1035 313 1082 esse
328 1021 465 1100 apparet
480 1014 530 1094 (cf.
547 1015 656 1080 Muell.
672 1014 715 1080 ad
730 1014 860 1080 Aristot.
877 1014 915 1079 fr.
928 1016 1013 1091 259).
1048 1013 1174 1080 Scimus
1197 1020 1306 1081 autem

151 1117 345 1183 Aristoclem
360 1123 393 1183 et
408 1117 449 1182 de
464 1116 683 1182 instrumentis
697 1116 827 1181 musicis
843 1117 949 1198 egisse
971 1121 1005 1180 et
1022 1117 1306 1200 peripateticorum

151 1219 319 1284 imbibisse
335 1218 524 1300 doctrinam,
546 1218 685 1282 maxime
700 1217 896 1299 Aristoxeni,
918 1216 954 1280 id
971 1216 1057 1298 quod
1078 1236 1120 1282 ex
1134 1215 1304 1283 Athenaeo

151 1321 300 1385 cernitur.
346 1317 433 1396 Quid
463 1317 549 1400 quod
578 1323 652 1382 ante
673 1318 865 1402 Apollodori
892 1318 1086 1382 mentionem
1115 1317 1203 1402 apud
1227 1318 1304 1384 Ath.

150 1421 238 1502 XIV,
255 1420 356 1502 osef,
380 1420 469 1484 cuius
493 1415 540 1492 οἷς
561 1415 621 1501 τὴν
643 1410 893 1503 Ἀριστοκλέους
916 1414 1095 1502 ἐπιστολὴν
1119 1409 1304 1504 ἀντιγραφή

151 1521 312 1604 laudatur,
336 1520 468 1586 Doridis
491 1519 532 1585 de
554 1520 670 1585 eodem
692 1520 781 1603 quod
795 1519 1013 1604 Apollodorus
1035 1519 1169 1604 respicit
1184 1539 1304 1603 organo

152 1623 369 1689 testimonium
390 1621 536 1687 affertur:
567 1622 693 1705 Δοῦρις
716 1613 749 1683 δ’
776 1617 810 1685 ἓν
831 1622 879 1704 cpi
900 1621 980 1702 περὶ
1003 1619 1191 1706 τραγῳδίας
1221 1613 1306 1684 ὠνο-

149 1720 287 1804 μάσθαι
302 1723 385 1810 φησὶ
399 1718 459 1806 τὴν
480 1719 624 1806 μάγαδιν
641 1713 709 1787 άπὸ
727 1719 884 1806 Μάγδιος
901 1719 1032 1808 Θρᾳκὸς
1053 1725 1156 1806 γένος.
1190 1723 1306 1789 Nonne

151 1825 256 1889 Durin
278 1823 331 1890 hic
354 1844 481 1907 quoque
502 1824 655 1890 Aristocli
677 1824 790 1890 deberi
812 1826 847 1888 in
869 1830 1019 1908 promptu
1048 1830 1097 1890 est
1123 1825 1305 1907 suspicari?

150 1925 272 1991 Contra
285 1945 399 2008 parum
415 1926 591 1990 uerisimile
613 1930 662 1990 est
683 1927 812 2007 glossae
834 1925 959 1990 auctori
973 1925 1157 1990 Aristotelis
1179 1931 1306 1990 senten·

152 2028 231 2090 tiam
254 2045 295 2091 ex
317 2024 442 2113 Doride
463 2025 640 2091 sublectam
663 2027 848 2109 innotuisse,
873 2046 945 2092 cum
967 2028 1001 2091 in
1023 2026 1103 2110 ipsis
1122 2024 1305 2092 Aristotelis

152 2129 244 2193 libris
267 2129 337 2192 sine
360 2124 458 2191 dubio
480 2127 584 2209 magis
605 2132 731 2210 pateret
752 2147 858 2193 rerum
877 2129 1068 2194 musicarum
1084 2127 1247 2193 studiosis.
1263 2162 1306 2173 -

152 2227 301 2294 Ceterum
318 2227 358 2293 de
373 2228 499 2311 origine
514 2226 608 2293 huius
624 2228 752 2310 glossae
768 2229 994 2311 quaerentibus
1009 2230 1190 2295 accuratius
1209 2248 1306 2311 quam

151 2351 172 2395 a
195 2331 293 2396 Rosio
315 2329 434 2395 factum
459 2335 507 2395 est
527 2336 637 2414 partes
660 2331 729 2394 eius
751 2327 998 2412 distinguendae
1021 2335 1109 2412 sunt,
1140 2349 1220 2412 quas
1242 2331 1305 2394 sin·

151 2432 244 2515 gulas
266 2451 325 2515 per
347 2430 597 2515 lexicographos
619 2431 765 2513 aliosque
788 2436 935 2496 auctores
957 2432 1033 2496 licet
1054 2432 1216 2514 prosequi.
1249 2430 1306 2495 At-

152 2550 215 2615 que
238 2532 279 2597 de
301 2533 410 2615 priore
433 2532 563 2624 quidem
585 2538 680 2597 notae
706 2537 798 2616 parte
827 2533 939 2614 (usque
961 2531 1005 2597 ad
1026 2553 1056 2597 u.
1080 2533 1305 2618 Προμηθέως)

151 2634 236 2699 bene
258 2635 308 2699 uir
327 2634 440 2701 doctus
460 2627 607 2716 ‘cithara
629 2634 742 2716 inquit,
766 2654 829 2699 una
852 2635 1094 2700 commemorari
1117 2635 1242 2700 solebat
1263 2635 1306 2699 ab

149 2736 201 2817 iis,
226 2737 281 2816 qui
302 2736 509 2800 Homericum
531 2733 612 2798 illud
635 2724 738 2816 Ἀσίῳ
762 2730 796 2797 ἐν
820 2733 956 2813 λειμῶνι
978 2734 1016 2797 Il.
1033 2739 1062 2795 Β
1077 2738 1137 2798 461
1164 2735 1306 2818 expliea-

149 2828 251 2901 rent'.
293 2837 364 2901 Iam
386 2856 462 2901 uero
486 2835 557 2916 quis
579 2833 744 2899 addiderit
765 2835 941 2916 sequentia,
965 2833 1167 2917 Didymusne
1182 2855 1224 2900 an
1239 2835 1306 2918 alii,

151 2937 294 3002 dubitari
317 2942 433 3020 potest.
477 2935 591 3000 Fuisse
620 2936 653 2998 in
676 2934 809 3017 Didymi
837 2936 944 3001 lexico
968 2935 1089 3001 comico
1119 2935 1162 3001 ad
1183 2936 1306 3002 Aristo·

149 3036 269 3122 phanis
291 3057 405 3103 uocem
420 3027 536 3111 Ἀοιάς
558 3036 808 3120 explicationem
831 3037 1022 3119 ampliorem
1044 3057 1084 3104 ea
1106 3057 1202 3119 quam
1222 3058 1307 3105 nunc

150 3141 289 3223 legimus
307 3141 339 3203 in
357 3137 455 3204 schol.
468 3137 598 3204 Thestn.
614 3141 690 3202 121:
712 3129 856 3200 Ἀσίδα
870 3134 930 3223 τὴν
944 3133 1091 3222 κιθάραν
1106 3138 1203 3222 λέγει,
1227 3141 1306 3206 satis

150 3243 221 3305 ueri
245 3247 293 3306 est
315 3240 428 3305 simile.
475 3238 635 3304 δοάσσαι
663 3239 698 3303 in
722 3240 832 3322 glossa
861 3258 937 3304 usus
959 3237 1189 3324 Aristophanei
1216 3240 1307 3303 nulla

150 3341 207 3407 fiat
235 3342 353 3407 mentio
381 3376 423 3388 -
451 3339 487 3405 fit
511 3340 599 3423 apud
622 3341 672 3405 Et.
689 3340 730 3405 M.
754 3346 786 3405 et
808 3339 898 3405 Suid.
930 3374 971 3383 -
1001 3338 1190 3405 sumendum
1221 3345 1306 3406 esset

151 3444 241 3506 illam
264 3443 512 3524 explicationem
534 3447 694 3506 seruatam
717 3459 788 3507 esse
811 3461 853 3507 ex
875 3442 947 3525 ipso
967 3440 1102 3524 Didymi
1125 3439 1168 3506 ad
1182 3442 1306 3508 Aristo·

151 3543 270 3627 phanis
292 3544 397 3607 locum
419 3543 657 3625 commentario,
680 3548 843 3609 auctorem
865 3549 974 3610 autem
996 3544 1047 3609 Et.
1062 3543 1105 3608 M.
1123 3550 1155 3608 et
1170 3542 1305 3609 Suidam
1408 3552 1410 3557 ’

153 3665 213 3711 sua
237 3663 254 3708 e
275 3644 381 3709 lexico
410 3645 533 3710 comico
561 3645 736 3728 accepisse.
782 3643 873 3722 Quae
902 3665 979 3712 uero
1008 3646 1115 3712 insunt
1140 3645 1175 3709 in
1203 3645 1306 3708 altera

152 3747 282 3830 glossae
310 3749 417 3828 parte,
446 3765 550 3828 neque
579 3745 666 3829 apud
688 3751 852 3812 auctorem
875 3747 924 3811 Et.
943 3747 985 3812 M.
1009 3753 1066 3812 aut
1086 3743 1176 3812 Suid.
1200 3763 1306 3849 neque

153 3898 359 3908 ——.—--

241 3981 266 4041 1]
284 3977 376 4034 Verba
393 3980 417 4043 ί)
436 3977 541 4032 inclusa
557 3976 635 4033 uncis
654 3977 690 4032 ad
707 3992 802 4034 uocem
818 3974 895 4031 Ἀσία
877 3979 1051 4048 apertinere
1074 3977 1200 4045 cognouit
1217 3977 1304 4088 Rosa,

154 4063 190 4118 ολ
209 4063 254 4117 Et.
265 4062 304 4117 M.
324 4078 386 4118 s..u
397 4058 475 4114 Ἀοίιι
493 4067 521 4117 et
537 4062 628 4131 Steph
642 4064 706 4133 Byz.
725 4064 761 4117 ib.
