2918 4748
189 317 233 372 De
248 314 371 371 fontibus
389 316 487 387 quibus
505 316 663 373 Athenaeus
680 318 710 373 in
728 317 810 376 rebus
828 333 896 375 mus.
915 318 965 389 lyr.
985 334 1074 375 enarr.
1092 336 1157 375 usus
1176 322 1219 376 sit.
1246 322 1306 381 139

154 489 197 555 de
219 487 271 554 his
293 488 389 554 rebus
408 489 511 572 egerit
524 489 605 554 Iuba
625 509 685 556 nec
707 488 878 557 dissentire
899 493 1039 575 potuerit
1061 493 1094 558 in
1117 493 1308 576 quibusdam

152 591 196 657 ab
219 595 351 657 auctore
372 609 446 673 sno,
476 591 641 656 Pollucem
663 597 749 657 certe
771 593 870 658 alium
892 595 984 677 sequi
1006 594 1127 660 fontem
1148 600 1245 679 atque
1274 597 1307 660 iu

154 691 206 760 his
221 692 379 776 capitibus
394 691 596 758 Athenaeum
613 693 778 759 fatendum
793 701 857 761 est:
881 696 1089 779 Tryphonem
1105 696 1187 780 dico,
1211 717 1307 780 quem

153 795 284 879 saepius
306 793 348 859 ab
370 794 530 861 Aristoole
552 794 682 861 diuersa
702 795 829 862 tradere
851 796 1008 863 uidemus.

628 1008 832 1017 --——-——

632 1183 757 1258 Oneon
784 1184 829 1256 V.

417 1330 476 1407 Dc
504 1332 592 1410 b'brs'
614 1331 645 1406 J
668 1333 848 1434 capitibus
874 1335 1038 1412 24-36.

237 1502 437 1570 Dioscoridis
466 1503 507 1570 de
536 1502 669 1570 heroum
698 1505 839 1571 moribus
870 1504 1128 1573 dissertationem
1161 1510 1306 1590 sequitur

151 1604 228 1672 inde
249 1626 271 1671 a
291 1625 322 1688 p.
337 1609 405 1670 lta
433 1607 525 1672 naria
552 1604 594 1671 dc
620 1607 843 1673 saltationibus
873 1615 904 1673 et
931 1609 1136 1676 saltatoribus
1165 1610 1303 1693 farrago,

151 1707 243 1774 cuius
265 1707 358 1773 initia
379 1707 459 1775 scite
480 1706 651 1776 homericis
675 1709 739 1774 illis
762 1709 921 1792 capitibus
944 1711 990 1776 ita
1012 1712 1132 1777 inserta
1153 1717 1239 1794 sunt,
1271 1719 1305 1780 ut

150 1810 237 1875 arei
254 1809 405 1893 musicae,
429 1811 534 1893 qualis
556 1811 663 1894 prisca
683 1816 789 1876 aetate
812 1811 916 1894 fuerit,
940 1813 1210 1896 contemplatione
1234 1833 1304 1880 sen-

150 1910 211 1977 sim
228 1909 430 1976 traducamur
444 1910 488 1976 ad
502 1912 681 1995 posteriora
698 1918 843 1994 tempora
864 1917 897 1976 et
918 1918 1004 1979 artes
1026 1914 1123 1998 ipsas.
1157 1915 1304 1981 Diuersis

149 2017 259 2078 autem
282 2031 300 2079 e
322 2013 461 2080 fontibus
483 2013 656 2079 Homerica
681 2014 739 2078 illa
761 2011 896 2079 ethaeo
918 2015 1101 2098 sequentia,
1133 2034 1216 2097 quae
1239 2015 1304 2081 Ho-

150 2133 275 2181 merum
296 2115 361 2180 iam
383 2114 464 2180 nihil
493 2121 621 2198 curant,
652 2120 720 2180 orta
750 2133 821 2181 esse
847 2135 905 2199 per
927 2135 963 2182 se
984 2121 1083 2200 patet.
1128 2117 1189 2183 Illa
1218 2118 1305 2184 euim

98 2276 103 2285 .
151 2235 194 2283 ex
214 2205 344 2283 auctore
366 2224 439 2283 suut
459 2217 576 2301 petita,
608 2218 663 2299 qui
687 2236 812 2282 omnem
834 2216 968 2283 heroum
991 2219 1091 2282 uitam
1120 2218 1303 2285 describen-

152 2317 227 2385 dam
249 2319 311 2384 sibi
333 2325 528 2402 sumpserat,
551 2318 632 2384 haec
655 2337 697 2383 ex
719 2318 801 2383 libro
825 2318 866 2383 de
888 2320 1057 2384 saltatione
1081 2320 1303 2402 similibusque

150 2420 272 2487 artibus
288 2423 478 2506 conscripto.
515 2421 623 2502 Atque
646 2426 799 2486 tractatur
820 2422 845 2484 I.
862 2416 1088 2506 conspicasset,
1111 2421 1152 2485 ΙΙ.
1168 2413 1304 2506 ὄρχησις

152 2513 228 2585 baso
253 2526 416 2608 σφαίρας,
446 2523 503 2587 ΠΙ.
526 2519 651 2586 πλάνοι
675 2529 707 2589 et
728 2525 1001 2603 θαυματοποιοί,
1033 2523 1087 2588 IV.
1110 2543 1218 2590 rursus
1240 2524 1303 2590 sal·

152 2622 290 2688 tationes
311 2642 414 2706 usque
436 2623 479 2688 ad
501 2645 532 2707 p.
549 2626 625 2688 220.
1105 2702 1108 2706 ⁴

236 2723 359 2801 Quibus
382 2727 416 2789 in
438 2724 596 2806 capitibus
620 2723 753 2786 fontium
775 2723 914 2802 uestigia
942 2741 1016 2785 rara
1040 2728 1136 2804 atque
1167 2725 1303 2790 obscura

150 2831 231 2891 sunt.
276 2822 436 2904 Pag.15d
459 2823 515 2904 qui
537 2822 742 2887 intercalatur
765 2821 805 2886 de
827 2819 944 2904 τρόπῳ
967 2815 1224 2908 ὑπορχηματικῴ
1247 2846 1303 2891 ex·

149 2944 272 3005 cursus,
295 2925 539 3007 peripateticam
554 2924 639 3007 sapit
654 2922 849 3006 doctriuam;
873 2922 1093 3008 hyporchema
1115 2925 1201 3007 quod
1223 2926 1302 2993 dici·

149 3033 201 3092 tur
222 3024 368 3091 floruisse
392 3021 455 3089 ἒνιὶ.
472 3022 664 3109 Ξενοδήμου
686 3025 741 3088 καὶ
764 3021 953 3109 Πινδάρου,
977 3024 1134 3104 {conuenit
1155 3028 1238 3105 Plut.
1263 3050 1301 3095 νο.

150 3148 246 3209 pecc.
264 3125 302 3191 9¹³
317 3128 377 3211 W,
400 3127 455 3211 qui
478 3148 519 3194 ex
540 3127 713 3193 Heraclide
736 3126 869 3193 Pontico
892 3133 977 3194 totus
1000 3128 1047 3193 ibi
1069 3128 1198 3212 pendet.

234 3230 312 3312 Pag.
331 3233 397 3296 200
418 3225 477 3295 τὸν
500 3219 556 3314 ἐφ’
575 3222 654 3314 ἡμῖν
674 3225 863 3315 φιλόσοφον
883 3219 1044 3314 ὀρχηστὴν
1059 3233 1203 3313 Μέμφιν
1227 3226 1301 3293 ἑκά.-

152 3329 260 3395 λοοαν.
294 3331 347 3397 Ad
371 3332 454 3399 hunc
475 3333 580 3398 locum
596 3329 782 3414 Schweigh.
797 3328 891 3395 affert
906 3329 1045 3412 Capitol.
1061 3331 1116 3394 uit.
1129 3330 1205 3394 Veri
1224 3331 1299 3414 imp.

151 3453 220 3518 cap.
238 3435 274 3497 8:
305 3426 432 3498 ‘habuit
459 3439 492 3498 et
514 3432 692 3515 Agrippam
721 3431 927 3512 histrionem,
959 3430 1009 3495 cui
1032 3449 1208 3513 cognomen
1233 3438 1302 3500 erat

150 3533 303 3617 Memphi,
328 3553 423 3616 quem
441 3552 459 3598 e
474 3531 571 3616 Syria
584 3535 674 3598 uelut
694 3531 883 3615 trophaeum
897 3532 1077 3616 parthicum
1092 3525 1299 3602 adduxerat'.

152 3637 236 3719 Ergo
260 3626 316 3721 ἐφ’
336 3629 415 3718 ἡμῖν
440 3640 488 3701 est
512 3635 597 3699 circa
611 3634 687 3700 Veri
710 3639 864 3717 tempora.
902 3635 1028 3701 Bellum
1051 3644 1158 3701 autem
1180 3634 1300 3719 parthi·

151 3758 223 3803 cum
239 3737 408 3820 gerebatur
428 3737 831 3818 iutraaunos162-1653
854 3737 956 3802 Verus
979 3737 1081 3814 †169.
1115 3735 1300 3802 Athenaeus

150 3846 259 3906 autem
291 3840 419 3923 scripsit
447 3859 474 3903 c.
492 3840 553 3901 200
585 3842 641 3903 aut
672 3838 761 3920 prius
794 3836 882 3910 (uide
909 3836 1074 3919 Rudolphi
1104 3834 1144 3899 de
1173 3835 1300 3902 Aeliani

151 3941 291 4006 fontibus
314 3939 439 4004 dissert.
461 3938 550 4021 Lips.
564 3940 646 4004 1884
673 3965 716 3989 =
744 3936 834 4002 Stud.
855 3937 943 4022 Lips.
965 3936 1099 4001 uol.Vll
1128 3957 1159 4019 p.
1176 3940 1299 4021 5sqq.).

151 4041 273 4125 Negari
301 4039 398 4123 igitur
419 4040 530 4121 nequit
552 4041 696 4125 potuisse
721 4039 827 4121 ipsum
856 4038 1033 4125 sophistam
1063 4034 1300 4106 adolescentem
