<?xml version="1.0" encoding="UTF-8"?>
<!DOCTYPE html PUBLIC "-//W3C//DTD XHTML 1.0 Transitional//EN"
    "http://www.w3.org/TR/xhtml1/DTD/xhtml1-transitional.dtd">
<html xmlns="http://www.w3.org/1999/xhtml" xml:lang="en" lang="en">
 <head>
  <title>
</title>
<meta http-equiv="Content-Type" content="text/html;charset=utf-8" />
  <meta name='ocr-system' content='tesseract 3.04.00' />
  <meta name='ocr-capabilities' content='ocr_page ocr_carea ocr_par ocr_line ocrx_word'/>
</head>
<body>
  <div class='ocr_page' id='page_1' title='image "./defontibusquibu00bappgoog_0025.png"; bbox 0 0 2918 4748; ppageno 0'>
   <div class='ocr_carea' id='block_1_1' title="bbox 249 311 1002 381">
    <p class='ocr_par' dir='ltr' id='par_1_1' title="bbox 249 311 1002 381">
     <span class='ocr_line' id='line_1_1' title="bbox 249 311 1002 381; baseline -0.008 -9"><span class='ocrx_word' id='word_1_1' title='bbox 249 314 290 372; x_wconf 87' lang='lat'><strong>88</strong></span> <span class='ocrx_word' id='word_1_2' title='bbox 645 311 759 366; x_wconf 80' lang='lat' dir='ltr'><strong>Carolus</strong></span> <span class='ocrx_word' id='word_1_3' title='bbox 778 311 906 367; x_wconf 88' lang='lat' dir='ltr'><strong>Albertus</strong></span> <span class='ocrx_word' id='word_1_4' title='bbox 924 311 1002 381; x_wconf 83' lang='lat' dir='ltr'><strong>Bapp</strong></span> 
     </span>
    </p>
   </div>
   <div class='ocr_carea' id='block_1_2' title="bbox 245 483 1408 1180">
    <p class='ocr_par' dir='ltr' id='par_1_2' title="bbox 246 483 1408 666">
     <span class='ocr_line' id='line_1_2' title="bbox 248 483 1408 567; baseline 0.002 -17"><span class='ocrx_word' id='word_1_5' title='bbox 248 484 418 550; x_wconf 89' lang='lat' dir='ltr'><strong>sufficiunt.</strong></span> <span class='ocrx_word' id='word_1_6' title='bbox 451 483 555 549; x_wconf 89' lang='lat' dir='ltr'><strong>Nobis</strong></span> <span class='ocrx_word' id='word_1_7' title='bbox 571 503 655 566; x_wconf 91' lang='lat' dir='ltr'><strong>quae</strong></span> <span class='ocrx_word' id='word_1_8' title='bbox 671 485 739 550; x_wconf 89' lang='lat' dir='ltr'><strong>eius</strong></span> <span class='ocrx_word' id='word_1_9' title='bbox 755 485 818 550; x_wconf 92' lang='lat' dir='ltr'><strong>sint</strong></span> <span class='ocrx_word' id='word_1_10' title='bbox 840 484 873 548; x_wconf 94' lang='lat' dir='ltr'><strong>in</strong></span> <span class='ocrx_word' id='word_1_11' title='bbox 888 483 1171 567; x_wconf 90' lang='lat' dir='ltr'><strong>Deipnosophistis</strong></span> <span class='ocrx_word' id='word_1_12' title='bbox 1192 490 1302 567; x_wconf 89' lang='lat' dir='ltr'><strong>partes</strong></span> <span class='ocrx_word' id='word_1_13' title='bbox 1326 504 1408 552; x_wconf 89' lang='lat' dir='ltr'><strong>enu-</strong></span> 
     </span>
     <span class='ocr_line' id='line_1_3' title="bbox 246 585 1191 666; baseline -0.002 -15"><span class='ocrx_word' id='word_1_14' title='bbox 246 585 416 652; x_wconf 90' lang='lat' dir='ltr'><strong>cleandum</strong></span> <span class='ocrx_word' id='word_1_15' title='bbox 440 592 497 650; x_wconf 92' lang='lat' dir='ltr'><strong>est.</strong></span> <span class='ocrx_word' id='word_1_16' title='bbox 1189 662 1191 666; x_wconf 16' lang='lat'><strong><em>¹</em></strong></span> 
     </span>
    </p>

    <p class='ocr_par' dir='ltr' id='par_1_3' title="bbox 245 685 1407 1180">
     <span class='ocr_line' id='line_1_4' title="bbox 332 685 1406 771; baseline 0.004 -18"><span class='ocrx_word' id='word_1_17' title='bbox 332 688 380 753; x_wconf 93' lang='lat' dir='ltr'><strong>Ao</strong></span> <span class='ocrx_word' id='word_1_18' title='bbox 409 688 548 771; x_wconf 91' lang='lat' dir='ltr'><strong>primum</strong></span> <span class='ocrx_word' id='word_1_19' title='bbox 571 686 702 769; x_wconf 89' lang='lat' dir='ltr'><strong>quidem</strong></span> <span class='ocrx_word' id='word_1_20' title='bbox 725 685 804 770; x_wconf 89' lang='lat' dir='ltr'><strong>qnid</strong></span> <span class='ocrx_word' id='word_1_21' title='bbox 827 707 869 754; x_wconf 85' lang='lat' dir='ltr'><strong>ex</strong></span> <span class='ocrx_word' id='word_1_22' title='bbox 890 687 961 771; x_wconf 91' lang='lat' dir='ltr'><strong>ipso</strong></span> <span class='ocrx_word' id='word_1_23' title='bbox 984 687 1152 754; x_wconf 80' lang='lat' dir='ltr'>Athenaeo</span> <span class='ocrx_word' id='word_1_24' title='bbox 1176 687 1217 754; x_wconf 93' lang='lat' dir='ltr'><strong>de</strong></span> <span class='ocrx_word' id='word_1_25' title='bbox 1240 688 1406 757; x_wconf 89' lang='lat' dir='ltr'><strong>Aristoole</strong></span> 
     </span>
     <span class='ocr_line' id='line_1_5' title="bbox 246 788 1406 873; baseline 0.003 -18"><span class='ocrx_word' id='word_1_26' title='bbox 246 789 349 873; x_wconf 82' lang='lat' dir='ltr'><strong>possit</strong></span> <span class='ocrx_word' id='word_1_27' title='bbox 370 789 445 856; x_wconf 90' lang='lat' dir='ltr'><strong>sciri</strong></span> <span class='ocrx_word' id='word_1_28' title='bbox 469 808 667 870; x_wconf 82' lang='lat' dir='ltr'><strong>quaeramus.</strong></span> <span class='ocrx_word' id='word_1_29' title='bbox 704 788 811 871; x_wconf 80' lang='lat' dir='ltr'><strong>Atque</strong></span> <span class='ocrx_word' id='word_1_30' title='bbox 833 809 930 853; x_wconf 91' lang='lat' dir='ltr'><strong>unum</strong></span> <span class='ocrx_word' id='word_1_31' title='bbox 953 788 1156 872; x_wconf 91' lang='lat' dir='ltr'><strong>eundemque</strong></span> <span class='ocrx_word' id='word_1_32' title='bbox 1178 809 1307 873; x_wconf 80' lang='lat' dir='ltr'><strong>semper</strong></span> <span class='ocrx_word' id='word_1_33' title='bbox 1329 810 1406 858; x_wconf 90' lang='lat' dir='ltr'><strong>esse</strong></span> 
     </span>
     <span class='ocr_line' id='line_1_6' title="bbox 245 889 1407 975; baseline 0.006 -20"><span class='ocrx_word' id='word_1_34' title='bbox 245 889 405 956; x_wconf 84' lang='lat' dir='ltr'><strong>Athenaei</strong></span> <span class='ocrx_word' id='word_1_35' title='bbox 434 890 626 956; x_wconf 88' lang='lat' dir='ltr'><strong>Aristoclem</strong></span> <span class='ocrx_word' id='word_1_36' title='bbox 654 891 750 956; x_wconf 88' lang='lat' dir='ltr'><strong>facile</strong></span> <span class='ocrx_word' id='word_1_37' title='bbox 779 891 926 956; x_wconf 90' lang='lat' dir='ltr'><strong>cernitur.</strong></span> <span class='ocrx_word' id='word_1_38' title='bbox 970 891 1055 956; x_wconf 85' lang='lat' dir='ltr'><strong>Nam</strong></span> <span class='ocrx_word' id='word_1_39' title='bbox 1084 890 1204 975; x_wconf 89' lang='lat' dir='ltr'><strong>ubique</strong></span> <span class='ocrx_word' id='word_1_40' title='bbox 1232 890 1275 957; x_wconf 94' lang='lat' dir='ltr'><strong>de</strong></span> <span class='ocrx_word' id='word_1_41' title='bbox 1303 893 1407 962; x_wconf 91' lang='lat' dir='ltr'><strong>rebus</strong></span> 
     </span>
     <span class='ocr_line' id='line_1_7' title="bbox 246 993 1405 1076; baseline 0.002 -20"><span class='ocrx_word' id='word_1_42' title='bbox 246 994 378 1059; x_wconf 80' lang='lat' dir='ltr'><strong>musicis</strong></span> <span class='ocrx_word' id='word_1_43' title='bbox 394 994 518 1076; x_wconf 86' lang='lat' dir='ltr'><strong>citatur,</strong></span> <span class='ocrx_word' id='word_1_44' title='bbox 540 994 730 1076; x_wconf 90' lang='lat' dir='ltr'><strong>plerumque</strong></span> <span class='ocrx_word' id='word_1_45' title='bbox 746 1012 817 1057; x_wconf 90' lang='lat' dir='ltr'><strong>cum</strong></span> <span class='ocrx_word' id='word_1_46' title='bbox 833 993 926 1057; x_wconf 89' lang='lat' dir='ltr'><strong>titulo</strong></span> <span class='ocrx_word' id='word_1_47' title='bbox 947 1013 984 1055; x_wconf 74' lang='grc' dir='ltr'><strong>π.</strong></span> <span class='ocrx_word' id='word_1_48' title='bbox 998 993 1116 1076; x_wconf 78' lang='grc' dir='ltr'><em>χορῶν,</em></span> <span class='ocrx_word' id='word_1_49' title='bbox 1139 994 1241 1059; x_wconf 90' lang='lat' dir='ltr'><strong>semel</strong></span> <span class='ocrx_word' id='word_1_50' title='bbox 1262 1015 1300 1057; x_wconf 79' lang='grc' dir='ltr'><strong>π.</strong></span> <span class='ocrx_word' id='word_1_51' title='bbox 1315 1017 1405 1074; x_wconf 80' lang='grc' dir='ltr'><strong><em>μου·</em></strong></span> 
     </span>
     <span class='ocr_line' id='line_1_8' title="bbox 246 1085 1406 1180; baseline 0.002 -22"><span class='ocrx_word' id='word_1_52' title='bbox 246 1085 349 1180; x_wconf 81' lang='grc' dir='ltr'><strong>σικῆς,Ι</strong></span> <span class='ocrx_word' id='word_1_53' title='bbox 373 1096 474 1161; x_wconf 89' lang='lat' dir='ltr'><strong>semel</strong></span> <span class='ocrx_word' id='word_1_54' title='bbox 496 1096 565 1160; x_wconf 92' lang='lat' dir='ltr'><strong>sine</strong></span> <span class='ocrx_word' id='word_1_55' title='bbox 587 1096 679 1159; x_wconf 89' lang='lat' dir='ltr'><strong>titulo</strong></span> <span class='ocrx_word' id='word_1_56' title='bbox 703 1094 731 1170; x_wconf 89' lang='lat' dir='ltr'><strong>(I</strong></span> <span class='ocrx_word' id='word_1_57' title='bbox 747 1115 780 1177; x_wconf 89' lang='lat' dir='ltr'><strong>p.</strong></span> <span class='ocrx_word' id='word_1_58' title='bbox 792 1097 832 1156; x_wconf 78' lang='grc'><strong>12</strong></span> <span class='ocrx_word' id='word_1_59' title='bbox 840 1094 882 1176; x_wconf 90' lang='lat' dir='ltr'><strong>a),</strong></span> <span class='ocrx_word' id='word_1_60' title='bbox 905 1094 961 1159; x_wconf 91' lang='lat' dir='ltr'><strong>ubi</strong></span> <span class='ocrx_word' id='word_1_61' title='bbox 976 1095 1052 1177; x_wconf 91' lang='lat' dir='ltr'><strong>quin</strong></span> <span class='ocrx_word' id='word_1_62' title='bbox 1069 1114 1111 1159; x_wconf 86' lang='lat' dir='ltr'><strong>ex</strong></span> <span class='ocrx_word' id='word_1_63' title='bbox 1126 1113 1224 1178; x_wconf 89' lang='lat' dir='ltr'><strong>opere</strong></span> <span class='ocrx_word' id='word_1_64' title='bbox 1239 1116 1277 1157; x_wconf 80' lang='grc' dir='ltr'><strong>π.</strong></span> <span class='ocrx_word' id='word_1_65' title='bbox 1291 1097 1406 1180; x_wconf 79' lang='grc' dir='ltr'><em>χορῶν</em></span> 
     </span>
    </p>
   </div>
   <div class='ocr_carea' id='block_1_3' title="bbox 235 1194 1405 4115">
    <p class='ocr_par' dir='ltr' id='par_1_4' title="bbox 242 1194 1405 1991">
     <span class='ocr_line' id='line_1_9' title="bbox 244 1194 1405 1280; baseline 0.002 -19"><span class='ocrx_word' id='word_1_66' title='bbox 244 1197 398 1280; x_wconf 89' lang='lat' dir='ltr'><strong>inscripto</strong></span> <span class='ocrx_word' id='word_1_67' title='bbox 417 1196 516 1261; x_wconf 90' lang='lat' dir='ltr'><strong>uerba</strong></span> <span class='ocrx_word' id='word_1_68' title='bbox 532 1197 595 1261; x_wconf 91' lang='lat' dir='ltr'><strong>sint</strong></span> <span class='ocrx_word' id='word_1_69' title='bbox 608 1196 720 1280; x_wconf 92' lang='lat' dir='ltr'><strong>petita,</strong></span> <span class='ocrx_word' id='word_1_70' title='bbox 743 1195 832 1259; x_wconf 90' lang='lat' dir='ltr'><strong>nulla</strong></span> <span class='ocrx_word' id='word_1_71' title='bbox 854 1195 1012 1261; x_wconf 82' lang='lat' dir='ltr'><strong>dubitatio</strong></span> <span class='ocrx_word' id='word_1_72' title='bbox 1035 1195 1167 1261; x_wconf 90' lang='lat' dir='ltr'><strong>obtinet.</strong></span> <span class='ocrx_word' id='word_1_73' title='bbox 1203 1194 1299 1273; x_wconf 79' lang='lat' dir='ltr'><strong>Quod</strong></span> <span class='ocrx_word' id='word_1_74' title='bbox 1320 1215 1405 1263; x_wconf 92' lang='lat' dir='ltr'><strong>uero</strong></span> 
     </span>
     <span class='ocr_line' id='line_1_10' title="bbox 243 1288 1405 1382; baseline -0.002 -22"><span class='ocrx_word' id='word_1_75' title='bbox 243 1297 289 1362; x_wconf 89' lang='lat' dir='ltr'><strong>IV</strong></span> <span class='ocrx_word' id='word_1_76' title='bbox 310 1318 342 1381; x_wconf 90' lang='lat' dir='ltr'><strong>p.</strong></span> <span class='ocrx_word' id='word_1_77' title='bbox 358 1298 447 1363; x_wconf 79' lang='grc'>1401)</span> <span class='ocrx_word' id='word_1_78' title='bbox 476 1297 626 1363; x_wconf 85' lang='lat' dir='ltr'><strong>laudatur</strong></span> <span class='ocrx_word' id='word_1_79' title='bbox 645 1288 859 1380; x_wconf 79' lang='grc' dir='ltr'><strong><em>Ἀριστοκλῆς</em></strong></span> <span class='ocrx_word' id='word_1_80' title='bbox 889 1292 922 1360; x_wconf 77' lang='grc' dir='ltr'><strong>ἐν</strong></span> <span class='ocrx_word' id='word_1_81' title='bbox 944 1298 993 1380; x_wconf 76' lang='grc' dir='ltr'><strong>τῴ</strong></span> <span class='ocrx_word' id='word_1_82' title='bbox 1015 1298 1169 1382; x_wconf 74' lang='grc' dir='ltr'><em>προτέρῳ</em></span> <span class='ocrx_word' id='word_1_83' title='bbox 1191 1296 1250 1380; x_wconf 82' lang='grc' dir='ltr'><strong>τῆς</strong></span> <span class='ocrx_word' id='word_1_84' title='bbox 1272 1294 1405 1360; x_wconf 85' lang='grc' dir='ltr'><strong><em>Λακώ-</em></strong></span> 
     </span>
     <span class='ocr_line' id='line_1_11' title="bbox 245 1397 1404 1483; baseline 0.003 -22"><span class='ocrx_word' id='word_1_85' title='bbox 245 1421 310 1462; x_wconf 82' lang='grc' dir='ltr'><strong>νων</strong></span> <span class='ocrx_word' id='word_1_86' title='bbox 333 1399 509 1474; x_wconf 77' lang='grc' dir='ltr'><strong><em>πολιτείας</em></strong></span> <span class='ocrx_word' id='word_1_87' title='bbox 516 1449 525 1483; x_wconf 88' lang='grc'><strong><em>,</em></strong></span> <span class='ocrx_word' id='word_1_88' title='bbox 555 1400 734 1466; x_wconf 88' lang='lat' dir='ltr'><strong>certissima</strong></span> <span class='ocrx_word' id='word_1_89' title='bbox 764 1398 988 1464; x_wconf 86' lang='lat' dir='ltr'><strong>emendatione</strong></span> <span class='ocrx_word' id='word_1_90' title='bbox 1012 1397 1301 1481; x_wconf 80' lang='lat' dir='ltr'><strong>Schweighaeuser</strong></span> <span class='ocrx_word' id='word_1_91' title='bbox 1331 1420 1404 1464; x_wconf 89' lang='lat' dir='ltr'><strong>cor-</strong></span> 
     </span>
     <span class='ocr_line' id='line_1_12' title="bbox 242 1499 1403 1586; baseline 0.003 -23"><span class='ocrx_word' id='word_1_92' title='bbox 242 1502 328 1566; x_wconf 85' lang='lat' dir='ltr'><strong>rexit</strong></span> <span class='ocrx_word' id='word_1_93' title='bbox 349 1501 514 1586; x_wconf 81' lang='grc' dir='ltr'><strong><em>Νικοκλῆς</em></strong></span> <span class='ocrx_word' id='word_1_94' title='bbox 536 1503 607 1567; x_wconf 89' lang='lat' dir='ltr'><strong>coll.</strong></span> <span class='ocrx_word' id='word_1_95' title='bbox 622 1499 766 1585; x_wconf 82' lang='lat' dir='ltr'><strong>p.140d‚</strong></span> <span class='ocrx_word' id='word_1_96' title='bbox 789 1501 845 1566; x_wconf 90' lang='lat' dir='ltr'><strong>ubi</strong></span> <span class='ocrx_word' id='word_1_97' title='bbox 866 1501 997 1566; x_wconf 90' lang='lat' dir='ltr'><strong>Persaei</strong></span> <span class='ocrx_word' id='word_1_98' title='bbox 1020 1505 1052 1565; x_wconf 89' lang='lat' dir='ltr'><strong>et</strong></span> <span class='ocrx_word' id='word_1_99' title='bbox 1073 1499 1286 1565; x_wconf 89' lang='lat' dir='ltr'><strong>Dioscuridae</strong></span> <span class='ocrx_word' id='word_1_100' title='bbox 1308 1502 1403 1566; x_wconf 90' lang='lat' dir='ltr'><strong>testi-</strong></span> 
     </span>
     <span class='ocr_line' id='line_1_13' title="bbox 242 1601 1403 1684; baseline -0.003 -13"><span class='ocrx_word' id='word_1_101' title='bbox 242 1606 352 1671; x_wconf 87' lang='lat' dir='ltr'><strong>monia</strong></span> <span class='ocrx_word' id='word_1_102' title='bbox 379 1603 571 1670; x_wconf 91' lang='lat' dir='ltr'><strong>antecedunt</strong></span> <span class='ocrx_word' id='word_1_103' title='bbox 596 1603 740 1682; x_wconf 87' lang='lat' dir='ltr'><strong>Nicocli,</strong></span> <span class='ocrx_word' id='word_1_104' title='bbox 769 1607 804 1666; x_wconf 91' lang='lat' dir='ltr'><strong>ut</strong></span> <span class='ocrx_word' id='word_1_105' title='bbox 831 1621 929 1684; x_wconf 84' lang='lat' dir='ltr'><strong>supra</strong></span> <span class='ocrx_word' id='word_1_106' title='bbox 955 1601 1115 1667; x_wconf 87' lang='lat' dir='ltr'><strong>Aristocli.</strong></span> <span class='ocrx_word' id='word_1_107' title='bbox 1160 1601 1229 1667; x_wconf 90' lang='lat' dir='ltr'><strong>Nec</strong></span> <span class='ocrx_word' id='word_1_108' title='bbox 1258 1601 1403 1684; x_wconf 89' lang='lat' dir='ltr'><strong>denique</strong></span> 
     </span>
     <span class='ocr_line' id='line_1_14' title="bbox 243 1702 1403 1787; baseline -0.001 -17"><span class='ocrx_word' id='word_1_109' title='bbox 243 1725 380 1787; x_wconf 87' lang='lat' dir='ltr'><strong>usquam</strong></span> <span class='ocrx_word' id='word_1_110' title='bbox 402 1704 577 1770; x_wconf 82' lang='lat' dir='ltr'><strong>Aristocles</strong></span> <span class='ocrx_word' id='word_1_111' title='bbox 599 1703 790 1786; x_wconf 82' lang='lat' dir='ltr'><strong>cognomine</strong></span> <span class='ocrx_word' id='word_1_112' title='bbox 812 1708 868 1767; x_wconf 91' lang='lat' dir='ltr'><strong>aut</strong></span> <span class='ocrx_word' id='word_1_113' title='bbox 888 1704 1013 1785; x_wconf 89' lang='lat' dir='ltr'><strong>patriae</strong></span> <span class='ocrx_word' id='word_1_114' title='bbox 1035 1702 1268 1786; x_wconf 85' lang='lat' dir='ltr'><strong>significatione</strong></span> <span class='ocrx_word' id='word_1_115' title='bbox 1286 1702 1403 1770; x_wconf 88' lang='lat' dir='ltr'><strong>addita</strong></span> 
     </span>
     <span class='ocr_line' id='line_1_15' title="bbox 242 1804 1402 1888; baseline 0 -17"><span class='ocrx_word' id='word_1_116' title='bbox 242 1807 283 1871; x_wconf 89' lang='lat' dir='ltr'><strong>ab</strong></span> <span class='ocrx_word' id='word_1_117' title='bbox 306 1808 379 1872; x_wconf 89' lang='lat' dir='ltr'><strong>aliis</strong></span> <span class='ocrx_word' id='word_1_118' title='bbox 402 1805 548 1872; x_wconf 90' lang='lat' dir='ltr'><strong>eiusdem</strong></span> <span class='ocrx_word' id='word_1_119' title='bbox 568 1805 706 1870; x_wconf 91' lang='lat' dir='ltr'><strong>nominis</strong></span> <span class='ocrx_word' id='word_1_120' title='bbox 728 1804 936 1888; x_wconf 88' lang='lat' dir='ltr'><strong>scriptoribus</strong></span> <span class='ocrx_word' id='word_1_121' title='bbox 958 1804 1047 1888; x_wconf 86' lang='lat' dir='ltr'><strong>apud</strong></span> <span class='ocrx_word' id='word_1_122' title='bbox 1061 1804 1264 1870; x_wconf 89' lang='lat' dir='ltr'><strong>Athenaeum</strong></span> <span class='ocrx_word' id='word_1_123' title='bbox 1287 1805 1402 1871; x_wconf 91' lang='lat' dir='ltr'><strong>distin-</strong></span> 
     </span>
     <span class='ocr_line' id='line_1_16' title="bbox 242 1909 359 1991; baseline -0.009 -19"><span class='ocrx_word' id='word_1_124' title='bbox 242 1909 359 1991; x_wconf 84' lang='lat' dir='ltr'><strong>guitur.</strong></span> 
     </span>
    </p>

    <p class='ocr_par' dir='ltr' id='par_1_5' title="bbox 235 2006 1401 4115">
     <span class='ocr_line' id='line_1_17' title="bbox 327 2006 1401 2091; baseline 0.001 -19"><span class='ocrx_word' id='word_1_125' title='bbox 327 2009 396 2074; x_wconf 92' lang='lat' dir='ltr'><strong>Iam</strong></span> <span class='ocrx_word' id='word_1_126' title='bbox 413 2027 474 2089; x_wconf 89' lang='lat' dir='ltr'><strong>quo</strong></span> <span class='ocrx_word' id='word_1_127' title='bbox 491 2014 635 2091; x_wconf 92' lang='lat' dir='ltr'><strong>tempore</strong></span> <span class='ocrx_word' id='word_1_128' title='bbox 650 2008 768 2072; x_wconf 86' lang='lat' dir='ltr'><strong>uixerit</strong></span> <span class='ocrx_word' id='word_1_129' title='bbox 782 2006 958 2072; x_wconf 87' lang='lat' dir='ltr'><strong>Aristocles</strong></span> <span class='ocrx_word' id='word_1_130' title='bbox 979 2006 1155 2072; x_wconf 90' lang='lat' dir='ltr'><strong>uideamus.</strong></span> <span class='ocrx_word' id='word_1_131' title='bbox 1190 2007 1401 2074; x_wconf 88' lang='lat' dir='ltr'><strong>Proficiscen-</strong></span> 
     </span>
     <span class='ocr_line' id='line_1_18' title="bbox 241 2108 1401 2192; baseline 0.002 -18"><span class='ocrx_word' id='word_1_132' title='bbox 241 2109 317 2174; x_wconf 92' lang='lat' dir='ltr'><strong>dum</strong></span> <span class='ocrx_word' id='word_1_133' title='bbox 341 2115 389 2173; x_wconf 90' lang='lat' dir='ltr'><strong>est</strong></span> <span class='ocrx_word' id='word_1_134' title='bbox 410 2108 451 2173; x_wconf 91' lang='lat' dir='ltr'><strong>ab</strong></span> <span class='ocrx_word' id='word_1_135' title='bbox 473 2109 545 2191; x_wconf 91' lang='lat' dir='ltr'><strong>ipso</strong></span> <span class='ocrx_word' id='word_1_136' title='bbox 567 2109 624 2173; x_wconf 92' lang='lat' dir='ltr'><strong>illo</strong></span> <span class='ocrx_word' id='word_1_137' title='bbox 646 2110 717 2174; x_wconf 92' lang='lat' dir='ltr'><strong>loco</strong></span> <span class='ocrx_word' id='word_1_138' title='bbox 740 2109 760 2172; x_wconf 91' lang='lat' dir='ltr'><strong>l.</strong></span> <span class='ocrx_word' id='word_1_139' title='bbox 776 2109 822 2173; x_wconf 95' lang='lat' dir='ltr'><strong>IV</strong></span> <span class='ocrx_word' id='word_1_140' title='bbox 843 2129 875 2192; x_wconf 92' lang='lat' dir='ltr'><strong>p.</strong></span> <span class='ocrx_word' id='word_1_141' title='bbox 890 2113 993 2192; x_wconf 80' lang='lat'><strong>1740,</strong></span> <span class='ocrx_word' id='word_1_142' title='bbox 1022 2109 1079 2175; x_wconf 89' lang='lat' dir='ltr'><strong>ubi</strong></span> <span class='ocrx_word' id='word_1_143' title='bbox 1100 2108 1275 2175; x_wconf 88' lang='lat' dir='ltr'><strong>Aristocles</strong></span> <span class='ocrx_word' id='word_1_144' title='bbox 1307 2111 1401 2176; x_wconf 90' lang='lat' dir='ltr'><strong>testis</strong></span> 
     </span>
     <span class='ocr_line' id='line_1_19' title="bbox 241 2208 1400 2293; baseline 0.003 -19"><span class='ocrx_word' id='word_1_145' title='bbox 241 2215 291 2276; x_wconf 90' lang='lat' dir='ltr'><strong>est</strong></span> <span class='ocrx_word' id='word_1_146' title='bbox 307 2209 348 2276; x_wconf 92' lang='lat' dir='ltr'><strong>de</strong></span> <span class='ocrx_word' id='word_1_147' title='bbox 364 2208 492 2274; x_wconf 94' lang='lat' dir='ltr'><strong>homine</strong></span> <span class='ocrx_word' id='word_1_148' title='bbox 508 2208 658 2293; x_wconf 92' lang='lat' dir='ltr'><strong>quodam,</strong></span> <span class='ocrx_word' id='word_1_149' title='bbox 682 2230 778 2292; x_wconf 90' lang='lat' dir='ltr'><strong>quem</strong></span> <span class='ocrx_word' id='word_1_150' title='bbox 793 2210 851 2276; x_wconf 90' lang='lat' dir='ltr'><strong>sub</strong></span> <span class='ocrx_word' id='word_1_151' title='bbox 868 2209 1009 2276; x_wconf 89' lang='lat' dir='ltr'><strong>secundo</strong></span> <span class='ocrx_word' id='word_1_152' title='bbox 1025 2211 1185 2293; x_wconf 81' lang='lat' dir='ltr'><strong>Euergete</strong></span> <span class='ocrx_word' id='word_1_153' title='bbox 1201 2209 1232 2274; x_wconf 94' lang='lat' dir='ltr'><strong>h.</strong></span> <span class='ocrx_word' id='word_1_154' title='bbox 1245 2230 1273 2276; x_wconf 92' lang='lat' dir='ltr'><strong>e.</strong></span> <span class='ocrx_word' id='word_1_155' title='bbox 1290 2211 1400 2277; x_wconf 89' lang='lat' dir='ltr'><strong>Ptole-</strong></span> 
     </span>
     <span class='ocr_line' id='line_1_20' title="bbox 244 2310 1399 2394; baseline -0.001 -18"><span class='ocrx_word' id='word_1_156' title='bbox 244 2331 337 2378; x_wconf 92' lang='lat' dir='ltr'><strong>maeo</strong></span> <span class='ocrx_word' id='word_1_157' title='bbox 353 2310 524 2394; x_wconf 89' lang='lat' dir='ltr'><strong>Physcone</strong></span> <span class='ocrx_word' id='word_1_158' title='bbox 539 2313 662 2378; x_wconf 84' lang='lat' dir='ltr'><strong>uixisse</strong></span> <span class='ocrx_word' id='word_1_159' title='bbox 677 2310 765 2377; x_wconf 90' lang='lat' dir='ltr'><strong>dicit.</strong></span> <span class='ocrx_word' id='word_1_160' title='bbox 801 2312 962 2394; x_wconf 85' lang='lat' dir='ltr'><strong>Regnauit</strong></span> <span class='ocrx_word' id='word_1_161' title='bbox 976 2310 1104 2394; x_wconf 86' lang='lat' dir='ltr'><strong>Physoo</strong></span> <span class='ocrx_word' id='word_1_162' title='bbox 1120 2312 1212 2376; x_wconf 89' lang='lat' dir='ltr'><strong>annis</strong></span> <span class='ocrx_word' id='word_1_163' title='bbox 1229 2315 1399 2375; x_wconf 77' lang='lat'>145-117</span> 
     </span>
     <span class='ocr_line' id='line_1_21' title="bbox 240 2411 1398 2497; baseline 0.002 -20"><span class='ocrx_word' id='word_1_164' title='bbox 240 2433 270 2477; x_wconf 88' lang='lat' dir='ltr'><strong>a.</strong></span> <span class='ocrx_word' id='word_1_165' title='bbox 287 2413 322 2477; x_wconf 82' lang='lat' dir='ltr'><strong>O.</strong></span> <span class='ocrx_word' id='word_1_166' title='bbox 361 2413 446 2478; x_wconf 91' lang='lat' dir='ltr'><strong>Hinc</strong></span> <span class='ocrx_word' id='word_1_167' title='bbox 469 2433 526 2479; x_wconf 90' lang='lat' dir='ltr'><strong>suo</strong></span> <span class='ocrx_word' id='word_1_168' title='bbox 552 2415 620 2478; x_wconf 89' lang='lat' dir='ltr'><strong>inre</strong></span> <span class='ocrx_word' id='word_1_169' title='bbox 638 2411 821 2496; x_wconf 86' lang='lat' dir='ltr'><strong>Schweigh.</strong></span> <span class='ocrx_word' id='word_1_170' title='bbox 846 2418 878 2478; x_wconf 94' lang='lat' dir='ltr'><strong>et</strong></span> <span class='ocrx_word' id='word_1_171' title='bbox 891 2413 1027 2479; x_wconf 90' lang='lat' dir='ltr'><strong>Mueller</strong></span> <span class='ocrx_word' id='word_1_172' title='bbox 1050 2414 1218 2478; x_wconf 91' lang='lat' dir='ltr'><strong>terminum</strong></span> <span class='ocrx_word' id='word_1_173' title='bbox 1240 2415 1398 2497; x_wconf 88' lang='lat' dir='ltr'><strong>petinere,</strong></span> 
     </span>
     <span class='ocr_line' id='line_1_22' title="bbox 240 2513 1399 2598; baseline 0.001 -19"><span class='ocrx_word' id='word_1_174' title='bbox 240 2519 433 2598; x_wconf 87' lang='lat' dir='ltr'><strong>postquem</strong></span> <span class='ocrx_word' id='word_1_175' title='bbox 456 2515 620 2597; x_wconf 87' lang='lat' dir='ltr'><strong>scripserit</strong></span> <span class='ocrx_word' id='word_1_176' title='bbox 641 2513 834 2596; x_wconf 87' lang='lat' dir='ltr'><strong>Aristocles;</strong></span> <span class='ocrx_word' id='word_1_177' title='bbox 862 2533 980 2597; x_wconf 90' lang='lat' dir='ltr'><strong>nempe</strong></span> <span class='ocrx_word' id='word_1_178' title='bbox 1003 2520 1076 2598; x_wconf 89' lang='lat' dir='ltr'><strong>post</strong></span> <span class='ocrx_word' id='word_1_179' title='bbox 1096 2535 1126 2579; x_wconf 90' lang='lat' dir='ltr'><strong>a.</strong></span> <span class='ocrx_word' id='word_1_180' title='bbox 1142 2519 1201 2578; x_wconf 89' lang='grc'><strong>117</strong></span> <span class='ocrx_word' id='word_1_181' title='bbox 1223 2535 1328 2596; x_wconf 91' lang='lat' dir='ltr'><strong>neque</strong></span> <span class='ocrx_word' id='word_1_182' title='bbox 1352 2517 1399 2580; x_wconf 91' lang='lat' dir='ltr'><strong>ita</strong></span> 
     </span>
     <span class='ocr_line' id='line_1_23' title="bbox 240 2613 1396 2700; baseline 0.001 -20"><span class='ocrx_word' id='word_1_183' title='bbox 240 2617 436 2699; x_wconf 85' lang='lat' dir='ltr'><strong>paulopost.</strong></span> <span class='ocrx_word' id='word_1_184' title='bbox 473 2613 517 2680; x_wconf 94' lang='lat' dir='ltr'><strong>At</strong></span> <span class='ocrx_word' id='word_1_185' title='bbox 532 2615 675 2681; x_wconf 88' lang='lat' dir='ltr'><strong>oboritur</strong></span> <span class='ocrx_word' id='word_1_186' title='bbox 691 2614 862 2682; x_wconf 84' lang='lat' dir='ltr'><strong>difficultas</strong></span> <span class='ocrx_word' id='word_1_187' title='bbox 885 2637 927 2682; x_wconf 85' lang='lat' dir='ltr'><strong>ex</strong></span> <span class='ocrx_word' id='word_1_188' title='bbox 948 2617 1013 2681; x_wconf 87' lang='lat' dir='ltr'><strong>alio</strong></span> <span class='ocrx_word' id='word_1_189' title='bbox 1028 2614 1188 2681; x_wconf 89' lang='lat' dir='ltr'><strong>Athenaei</strong></span> <span class='ocrx_word' id='word_1_190' title='bbox 1210 2617 1298 2700; x_wconf 87' lang='lat' dir='ltr'><strong>looo;</strong></span> <span class='ocrx_word' id='word_1_191' title='bbox 1321 2638 1396 2681; x_wconf 86' lang='lat' dir='ltr'><strong>nam</strong></span> 
     </span>
     <span class='ocr_line' id='line_1_24' title="bbox 239 2708 1397 2803; baseline -0.001 -21"><span class='ocrx_word' id='word_1_192' title='bbox 239 2717 317 2783; x_wconf 89' lang='lat' dir='ltr'><strong>XIV</strong></span> <span class='ocrx_word' id='word_1_193' title='bbox 338 2739 371 2803; x_wconf 90' lang='lat' dir='ltr'><strong>p.</strong></span> <span class='ocrx_word' id='word_1_194' title='bbox 384 2717 469 2782; x_wconf 86' lang='grc'>6361</span> <span class='ocrx_word' id='word_1_195' title='bbox 490 2717 640 2783; x_wconf 86' lang='lat' dir='ltr'><strong>laudatur</strong></span> <span class='ocrx_word' id='word_1_196' title='bbox 660 2708 916 2803; x_wconf 77' lang='grc' dir='ltr'><em>Ἀπολλόδωρος</em></span> <span class='ocrx_word' id='word_1_197' title='bbox 939 2714 973 2782; x_wconf 77' lang='grc' dir='ltr'><strong>ἐν</strong></span> <span class='ocrx_word' id='word_1_198' title='bbox 994 2719 1034 2803; x_wconf 81' lang='grc' dir='ltr'><strong>τῇ</strong></span> <span class='ocrx_word' id='word_1_199' title='bbox 1055 2713 1142 2803; x_wconf 78' lang='grc' dir='ltr'><strong><em>πρὸς</em></strong></span> <span class='ocrx_word' id='word_1_200' title='bbox 1163 2713 1223 2801; x_wconf 77' lang='grc' dir='ltr'><strong>τὴν</strong></span> <span class='ocrx_word' id='word_1_201' title='bbox 1251 2709 1397 2801; x_wconf 63' lang='grc' dir='ltr'><em>Ἄριστο-</em></span> 
     </span>
     <span class='ocr_line' id='line_1_25' title="bbox 241 2811 1398 2905; baseline 0.002 -22"><span class='ocrx_word' id='word_1_202' title='bbox 241 2819 356 2895; x_wconf 77' lang='grc' dir='ltr'><strong><em>κλέους</em></strong></span> <span class='ocrx_word' id='word_1_203' title='bbox 386 2816 567 2902; x_wconf 78' lang='grc' dir='ltr'><strong><em>ἐπιστολὴν</em></strong></span> <span class='ocrx_word' id='word_1_204' title='bbox 591 2811 794 2905; x_wconf 75' lang='grc' dir='ltr'><em>ἀντιγραφῇ;</em></span> <span class='ocrx_word' id='word_1_205' title='bbox 823 2823 965 2903; x_wconf 90' lang='lat' dir='ltr'><strong>loquitur</strong></span> <span class='ocrx_word' id='word_1_206' title='bbox 986 2827 1093 2887; x_wconf 89' lang='lat' dir='ltr'><strong>autem</strong></span> <span class='ocrx_word' id='word_1_207' title='bbox 1115 2820 1332 2904; x_wconf 89' lang='lat' dir='ltr'><strong>Apollodorus</strong></span> <span class='ocrx_word' id='word_1_208' title='bbox 1355 2821 1398 2885; x_wconf 91' lang='lat' dir='ltr'><strong>de</strong></span> 
     </span>
     <span class='ocr_line' id='line_1_26' title="bbox 239 2920 1397 3005; baseline 0.003 -20"><span class='ocrx_word' id='word_1_209' title='bbox 239 2921 457 2986; x_wconf 88' lang='lat' dir='ltr'><strong>instrumentis</strong></span> <span class='ocrx_word' id='word_1_210' title='bbox 485 2920 631 3001; x_wconf 86' lang='lat' dir='ltr'><strong>musicis,</strong></span> <span class='ocrx_word' id='word_1_211' title='bbox 660 2923 706 2984; x_wconf 90' lang='lat' dir='ltr'><strong>ita</strong></span> <span class='ocrx_word' id='word_1_212' title='bbox 735 2929 770 2985; x_wconf 89' lang='lat' dir='ltr'><strong>ut</strong></span> <span class='ocrx_word' id='word_1_213' title='bbox 798 2922 939 2986; x_wconf 86' lang='lat' dir='ltr'><strong>dubitari</strong></span> <span class='ocrx_word' id='word_1_214' title='bbox 968 2928 1122 3005; x_wconf 89' lang='lat' dir='ltr'><strong>nequeat,</strong></span> <span class='ocrx_word' id='word_1_215' title='bbox 1153 2925 1230 3004; x_wconf 92' lang='lat' dir='ltr'><strong>quin</strong></span> <span class='ocrx_word' id='word_1_216' title='bbox 1258 2925 1397 3005; x_wconf 86' lang='lat' dir='ltr'><strong>epistola</strong></span> 
     </span>
     <span class='ocr_line' id='line_1_27' title="bbox 238 3019 1394 3101; baseline 0.002 -17"><span class='ocrx_word' id='word_1_217' title='bbox 238 3021 335 3085; x_wconf 88' lang='lat' dir='ltr'><strong>fuerit</strong></span> <span class='ocrx_word' id='word_1_218' title='bbox 358 3019 502 3085; x_wconf 90' lang='lat' dir='ltr'><strong>eiusdem</strong></span> <span class='ocrx_word' id='word_1_219' title='bbox 525 3020 708 3101; x_wconf 89' lang='lat' dir='ltr'><strong>Aristoclis,</strong></span> <span class='ocrx_word' id='word_1_220' title='bbox 739 3021 794 3101; x_wconf 92' lang='lat' dir='ltr'><strong>qui</strong></span> <span class='ocrx_word' id='word_1_221' title='bbox 816 3020 896 3085; x_wconf 89' lang='lat' dir='ltr'><strong>alibi</strong></span> <span class='ocrx_word' id='word_1_222' title='bbox 921 3020 962 3086; x_wconf 93' lang='lat' dir='ltr'><strong>de</strong></span> <span class='ocrx_word' id='word_1_223' title='bbox 991 3022 1052 3086; x_wconf 90' lang='lat' dir='ltr'><strong>hac</strong></span> <span class='ocrx_word' id='word_1_224' title='bbox 1079 3023 1214 3084; x_wconf 89' lang='lat' dir='ltr'><strong>materia</strong></span> <span class='ocrx_word' id='word_1_225' title='bbox 1233 3022 1394 3085; x_wconf 88' lang='lat' dir='ltr'><strong>Athenaei</strong></span> 
     </span>
     <span class='ocr_line' id='line_1_28' title="bbox 238 3118 1393 3204; baseline -0.001 -18"><span class='ocrx_word' id='word_1_226' title='bbox 238 3127 350 3186; x_wconf 89' lang='lat' dir='ltr'><strong>auotor</strong></span> <span class='ocrx_word' id='word_1_227' title='bbox 366 3126 423 3186; x_wconf 88' lang='lat' dir='ltr'><strong>est.</strong></span> <span class='ocrx_word' id='word_1_228' title='bbox 456 3119 673 3204; x_wconf 88' lang='lat' dir='ltr'><strong>Apollodorus</strong></span> <span class='ocrx_word' id='word_1_229' title='bbox 688 3126 805 3202; x_wconf 91' lang='lat' dir='ltr'><strong>autem,</strong></span> <span class='ocrx_word' id='word_1_230' title='bbox 829 3140 900 3186; x_wconf 93' lang='lat' dir='ltr'><strong>oum</strong></span> <span class='ocrx_word' id='word_1_231' title='bbox 921 3120 1002 3185; x_wconf 94' lang='lat' dir='ltr'><strong>nihil</strong></span> <span class='ocrx_word' id='word_1_232' title='bbox 1024 3120 1146 3184; x_wconf 92' lang='lat' dir='ltr'><strong>nomini</strong></span> <span class='ocrx_word' id='word_1_233' title='bbox 1167 3118 1314 3200; x_wconf 87' lang='lat' dir='ltr'><strong>addatur,</strong></span> <span class='ocrx_word' id='word_1_234' title='bbox 1337 3142 1393 3186; x_wconf 94' lang='lat' dir='ltr'><strong>no-</strong></span> 
     </span>
     <span class='ocr_line' id='line_1_29' title="bbox 239 3215 1394 3304; baseline -0.002 -16"><span class='ocrx_word' id='word_1_235' title='bbox 239 3223 383 3289; x_wconf 90' lang='lat' dir='ltr'><strong>tissimus</strong></span> <span class='ocrx_word' id='word_1_236' title='bbox 406 3221 534 3287; x_wconf 88' lang='lat' dir='ltr'><strong>uidetur</strong></span> <span class='ocrx_word' id='word_1_237' title='bbox 557 3242 627 3288; x_wconf 89' lang='lat' dir='ltr'><strong>esse</strong></span> <span class='ocrx_word' id='word_1_238' title='bbox 648 3221 855 3288; x_wconf 90' lang='lat' dir='ltr'><strong>Atheniensis</strong></span> <span class='ocrx_word' id='word_1_239' title='bbox 883 3223 955 3304; x_wconf 91' lang='lat' dir='ltr'><strong>ille,</strong></span> <span class='ocrx_word' id='word_1_240' title='bbox 982 3221 1037 3302; x_wconf 91' lang='lat' dir='ltr'><strong>qui</strong></span> <span class='ocrx_word' id='word_1_241' title='bbox 1062 3215 1216 3302; x_wconf 80' lang='grc' dir='ltr'><strong><em>χρονικὴν</em></strong></span> <span class='ocrx_word' id='word_1_242' title='bbox 1240 3217 1394 3296; x_wconf 76' lang='grc' dir='ltr'><em>σύνταξιν</em></span> 
     </span>
     <span class='ocr_line' id='line_1_30' title="bbox 238 3318 1392 3408; baseline -0.001 -18"><span class='ocrx_word' id='word_1_243' title='bbox 238 3325 368 3408; x_wconf 86' lang='lat' dir='ltr'><strong>scripsit</strong></span> <span class='ocrx_word' id='word_1_244' title='bbox 383 3322 504 3389; x_wconf 87' lang='lat' dir='ltr'><strong>editam</strong></span> <span class='ocrx_word' id='word_1_245' title='bbox 520 3325 602 3390; x_wconf 90' lang='lat' dir='ltr'><strong>intra</strong></span> <span class='ocrx_word' id='word_1_246' title='bbox 615 3344 716 3388; x_wconf 88' lang='lat' dir='ltr'><strong>annos</strong></span> <span class='ocrx_word' id='word_1_247' title='bbox 735 3324 901 3386; x_wconf 83' lang='grc'>144-138</span> <span class='ocrx_word' id='word_1_248' title='bbox 917 3343 945 3386; x_wconf 92' lang='lat' dir='ltr'><strong>a.</strong></span> <span class='ocrx_word' id='word_1_249' title='bbox 959 3321 994 3385; x_wconf 82' lang='lat' dir='ltr'><strong>O.</strong></span> <span class='ocrx_word' id='word_1_250' title='bbox 1015 3320 1102 3399; x_wconf 86' lang='lat' dir='ltr'><strong>(uide</strong></span> <span class='ocrx_word' id='word_1_251' title='bbox 1118 3318 1284 3387; x_wconf 89' lang='lat' dir='ltr'><strong>Schaeferi</strong></span> <span class='ocrx_word' id='word_1_252' title='bbox 1299 3321 1392 3399; x_wconf 65' lang='lat' dir='ltr'><strong>Qut</strong></span> 
     </span>
     <span class='ocr_line' id='line_1_31' title="bbox 236 3421 1393 3509; baseline 0.001 -21"><span class='ocrx_word' id='word_1_253' title='bbox 236 3423 329 3489; x_wconf 90' lang='lat' dir='ltr'><strong>Idem</strong></span> <span class='ocrx_word' id='word_1_254' title='bbox 351 3421 458 3488; x_wconf 73' lang='grc' dir='ltr'><em>πολὺν</em></span> <span class='ocrx_word' id='word_1_255' title='bbox 479 3424 597 3509; x_wconf 82' lang='grc' dir='ltr'><em>χρόνον</em></span> <span class='ocrx_word' id='word_1_256' title='bbox 621 3424 762 3508; x_wconf 83' lang='lat' dir='ltr'><strong>(Scymn.</strong></span> <span class='ocrx_word' id='word_1_257' title='bbox 778 3425 900 3507; x_wconf 84' lang='lat' dir='ltr'><strong>perieg.</strong></span> <span class='ocrx_word' id='word_1_258' title='bbox 919 3425 970 3501; x_wconf 88' lang='grc'><strong>16)</strong></span> <span class='ocrx_word' id='word_1_259' title='bbox 1000 3421 1119 3489; x_wconf 92' lang='lat' dir='ltr'><strong>scholis</strong></span> <span class='ocrx_word' id='word_1_260' title='bbox 1148 3442 1223 3489; x_wconf 89' lang='lat' dir='ltr'><strong>usus</strong></span> <span class='ocrx_word' id='word_1_261' title='bbox 1253 3430 1301 3489; x_wconf 90' lang='lat' dir='ltr'><strong>est</strong></span> <span class='ocrx_word' id='word_1_262' title='bbox 1322 3424 1393 3490; x_wconf 91' lang='lat' dir='ltr'><strong>Ari-</strong></span> 
     </span>
     <span class='ocr_line' id='line_1_32' title="bbox 235 3523 1392 3608; baseline 0 -17"><span class='ocrx_word' id='word_1_263' title='bbox 235 3524 367 3608; x_wconf 88' lang='lat' dir='ltr'><strong>starchi,</strong></span> <span class='ocrx_word' id='word_1_264' title='bbox 384 3527 440 3607; x_wconf 92' lang='lat' dir='ltr'><strong>qui</strong></span> <span class='ocrx_word' id='word_1_265' title='bbox 455 3528 588 3591; x_wconf 91' lang='lat' dir='ltr'><strong>moritur</strong></span> <span class='ocrx_word' id='word_1_266' title='bbox 604 3525 878 3604; x_wconf 71' lang='lat' dir='ltr'><strong>oiroaOl.159l60</strong></span> <span class='ocrx_word' id='word_1_267' title='bbox 894 3524 982 3603; x_wconf 86' lang='lat' dir='ltr'><strong>(uide</strong></span> <span class='ocrx_word' id='word_1_268' title='bbox 992 3525 1034 3588; x_wconf 90' lang='lat' dir='ltr'><strong>M.</strong></span> <span class='ocrx_word' id='word_1_269' title='bbox 1047 3523 1260 3590; x_wconf 84' lang='lat' dir='ltr'><strong>Schmidtium</strong></span> <span class='ocrx_word' id='word_1_270' title='bbox 1275 3525 1392 3592; x_wconf 90' lang='lat' dir='ltr'><strong>Philol.</strong></span> 
     </span>
     <span class='ocr_line' id='line_1_33' title="bbox 237 3625 1394 3711; baseline 0.001 -18"><span class='ocrx_word' id='word_1_271' title='bbox 237 3628 372 3694; x_wconf 90' lang='lat' dir='ltr'><strong>uol.VII</strong></span> <span class='ocrx_word' id='word_1_272' title='bbox 393 3648 425 3711; x_wconf 92' lang='lat' dir='ltr'><strong>p.</strong></span> <span class='ocrx_word' id='word_1_273' title='bbox 440 3629 522 3705; x_wconf 81' lang='lat'><strong>368).</strong></span> <span class='ocrx_word' id='word_1_274' title='bbox 568 3627 677 3693; x_wconf 91' lang='lat' dir='ltr'><strong>Potuit</strong></span> <span class='ocrx_word' id='word_1_275' title='bbox 699 3647 775 3711; x_wconf 86' lang='lat' dir='ltr'><strong>ergo</strong></span> <span class='ocrx_word' id='word_1_276' title='bbox 798 3628 933 3694; x_wconf 84' lang='lat' dir='ltr'><strong>fortasse</strong></span> <span class='ocrx_word' id='word_1_277' title='bbox 955 3647 1055 3693; x_wconf 87' lang='lat' dir='ltr'><strong>senex</strong></span> <span class='ocrx_word' id='word_1_278' title='bbox 1077 3625 1239 3708; x_wconf 89' lang='lat' dir='ltr'><strong>Aristocli,</strong></span> <span class='ocrx_word' id='word_1_279' title='bbox 1267 3629 1394 3694; x_wconf 87' lang='lat' dir='ltr'><strong>etiarnsi</strong></span> 
     </span>
     <span class='ocr_line' id='line_1_34' title="bbox 236 3726 1392 3812; baseline -0.001 -17"><span class='ocrx_word' id='word_1_280' title='bbox 236 3736 311 3812; x_wconf 93' lang='lat' dir='ltr'><strong>post</strong></span> <span class='ocrx_word' id='word_1_281' title='bbox 333 3750 362 3795; x_wconf 92' lang='lat' dir='ltr'><strong>a.</strong></span> <span class='ocrx_word' id='word_1_282' title='bbox 378 3732 438 3793; x_wconf 85' lang='lat'><strong>117</strong></span> <span class='ocrx_word' id='word_1_283' title='bbox 461 3726 515 3793; x_wconf 91' lang='lat' dir='ltr'><strong>hic</strong></span> <span class='ocrx_word' id='word_1_284' title='bbox 537 3730 718 3811; x_wconf 88' lang='lat' dir='ltr'><strong>scripserit,</strong></span> <span class='ocrx_word' id='word_1_285' title='bbox 741 3729 952 3812; x_wconf 88' lang='lat' dir='ltr'><strong>respondere;</strong></span> <span class='ocrx_word' id='word_1_286' title='bbox 979 3728 1037 3795; x_wconf 90' lang='lat' dir='ltr'><strong>sed</strong></span> <span class='ocrx_word' id='word_1_287' title='bbox 1059 3733 1191 3811; x_wconf 90' lang='lat' dir='ltr'><strong>propter</strong></span> <span class='ocrx_word' id='word_1_288' title='bbox 1213 3733 1392 3812; x_wconf 88' lang='lat' dir='ltr'><strong>temporum</strong></span> 
     </span>
     <span class='ocr_line' id='line_1_35' title="bbox 235 3829 1392 3913; baseline 0.004 -21"><span class='ocrx_word' id='word_1_289' title='bbox 235 3833 402 3910; x_wconf 80' lang='lat' dir='ltr'><strong>angustias</strong></span> <span class='ocrx_word' id='word_1_290' title='bbox 424 3850 489 3896; x_wconf 93' lang='lat' dir='ltr'><strong>non</strong></span> <span class='ocrx_word' id='word_1_291' title='bbox 510 3831 588 3896; x_wconf 90' lang='lat' dir='ltr'><strong>satis</strong></span> <span class='ocrx_word' id='word_1_292' title='bbox 611 3831 786 3897; x_wconf 91' lang='lat' dir='ltr'><strong>uerisimile</strong></span> <span class='ocrx_word' id='word_1_293' title='bbox 810 3837 867 3896; x_wconf 91' lang='lat' dir='ltr'><strong>est.</strong></span> <span class='ocrx_word' id='word_1_294' title='bbox 905 3831 955 3896; x_wconf 94' lang='lat' dir='ltr'><strong>De</strong></span> <span class='ocrx_word' id='word_1_295' title='bbox 973 3831 1047 3895; x_wconf 89' lang='lat' dir='ltr'><strong>aliis</strong></span> <span class='ocrx_word' id='word_1_296' title='bbox 1062 3836 1170 3894; x_wconf 88' lang='lat' dir='ltr'><strong>autem</strong></span> <span class='ocrx_word' id='word_1_297' title='bbox 1183 3829 1392 3913; x_wconf 92' lang='lat' dir='ltr'><strong>Apollodoris</strong></span> 
     </span>
     <span class='ocr_line' id='line_1_36' title="bbox 236 3931 1393 4017; baseline 0.003 -25"><span class='ocrx_word' id='word_1_298' title='bbox 236 3950 301 3995; x_wconf 93' lang='lat' dir='ltr'><strong>non</strong></span> <span class='ocrx_word' id='word_1_299' title='bbox 323 3931 400 3997; x_wconf 90' lang='lat' dir='ltr'><strong>licet</strong></span> <span class='ocrx_word' id='word_1_300' title='bbox 422 3933 564 4017; x_wconf 84' lang='lat' dir='ltr'><strong>cogitare</strong></span> <span class='ocrx_word' id='word_1_301' title='bbox 586 3951 692 4014; x_wconf 87' lang='lat' dir='ltr'><strong>neque</strong></span> <span class='ocrx_word' id='word_1_302' title='bbox 718 3932 878 3997; x_wconf 89' lang='lat' dir='ltr'><strong>inuenitur</strong></span> <span class='ocrx_word' id='word_1_303' title='bbox 906 3932 1067 3997; x_wconf 90' lang='lat' dir='ltr'><strong>intereos</strong></span> <span class='ocrx_word' id='word_1_304' title='bbox 1097 3932 1152 4012; x_wconf 91' lang='lat' dir='ltr'><strong>qui</strong></span> <span class='ocrx_word' id='word_1_305' title='bbox 1181 3931 1292 4012; x_wconf 83' lang='lat' dir='ltr'><strong>aliqua</strong></span> <span class='ocrx_word' id='word_1_306' title='bbox 1319 3951 1393 4015; x_wconf 89' lang='lat' dir='ltr'><strong>pro·</strong></span> 
     </span>
     <span class='ocr_line' id='line_1_37' title="bbox 235 4031 1394 4115; baseline 0.002 -20"><span class='ocrx_word' id='word_1_307' title='bbox 235 4031 361 4096; x_wconf 88' lang='lat' dir='ltr'><strong>bilitate</strong></span> <span class='ocrx_word' id='word_1_308' title='bbox 378 4032 411 4096; x_wconf 93' lang='lat' dir='ltr'><strong>in</strong></span> <span class='ocrx_word' id='word_1_309' title='bbox 423 4034 630 4101; x_wconf 89' lang='lat' dir='ltr'><strong>Atheniensis</strong></span> <span class='ocrx_word' id='word_1_310' title='bbox 645 4036 751 4099; x_wconf 90' lang='lat' dir='ltr'><strong>locum</strong></span> <span class='ocrx_word' id='word_1_311' title='bbox 768 4034 984 4099; x_wconf 89' lang='lat' dir='ltr'><strong>substituatur.</strong></span> <span class='ocrx_word' id='word_1_312' title='bbox 1018 4033 1126 4115; x_wconf 91' lang='lat' dir='ltr'><strong>Atque</strong></span> <span class='ocrx_word' id='word_1_313' title='bbox 1141 4032 1270 4098; x_wconf 84' lang='lat' dir='ltr'><strong>fulcitur</strong></span> <span class='ocrx_word' id='word_1_314' title='bbox 1284 4038 1394 4098; x_wconf 90' lang='lat' dir='ltr'><strong>nostra</strong></span> 
     </span>
    </p>
   </div>
   <div class='ocr_carea' id='block_1_4' title="bbox 0 0 1464 4748">
    <p class='ocr_par' dir='ltr' id='par_1_6' title="bbox 0 0 1464 4748">
     <span class='ocr_line' id='line_1_38' title="bbox 0 0 1464 4748; baseline 0 5"><span class='ocrx_word' id='word_1_315' title='bbox 0 0 1464 4748; x_wconf 95' lang='lat' dir='ltr'><strong> </strong></span> 
     </span>
    </p>
   </div>
  </div>
 </body>
</html>
