2918 4748
257 339 315 398 148
640 333 764 399 ⁴Cumlus
782 331 910 387 Albertns
928 332 1006 401 Bapp

255 512 338 577 uiter
367 512 542 590 corruptus.
595 506 687 572 Hane
719 506 854 572 alteram
881 504 923 571 de
951 523 1076 589 paeane
1104 505 1406 571 commentationem

256 631 327 677 cum
357 611 465 694 priore
493 609 551 673 illa
580 608 656 673 olim
686 609 886 673 coniunctam
916 600 1014 672 fuisse
1043 611 1140 688 atque
1167 610 1334 688 utramque
1364 627 1406 673 ex

256 732 319 777 uno
341 712 424 777 libro
446 709 533 795 apud
554 707 756 775 Athenaeum
786 713 971 791 excerptam
1001 727 1071 774 esse
1099 727 1158 791 per
1179 726 1215 773 se
1236 708 1406 791 probabile

147 828 149 833 ·
257 818 313 880 est.
351 812 400 877 Ac
414 813 485 878 Val.
501 812 587 876 Rose
608 811 716 888 (Arist.
732 809 886 894 pseudep.
910 829 941 893 p.
955 811 1030 886 598)
1053 808 1228 893 Didymum
1250 815 1342 893 putat
1365 810 1406 877 de

257 914 434 998 paeonibus
462 913 568 995 deque
597 912 778 978 Aristotelis
807 912 839 977 in
868 912 1033 978 Hermiam
1064 913 1205 977 carmine
1233 911 1339 995 egisse
1373 913 1407 977 in

255 1014 338 1081 libro
353 1014 434 1100 περὶ
449 1015 600 1100 ποιητῶν
615 1014 769 1098 inscripto
784 1032 889 1096 neque
903 1013 1035 1079 aliunde
1057 1033 1115 1080 sua
1137 1013 1290 1097 petiuisse
1306 1013 1408 1081 Athe-

255 1136 381 1182 naeum.
426 1115 486 1182 (lui
508 1117 709 1182 coniecturae
732 1116 837 1198 fauet,
867 1113 953 1198 quod
981 1116 1014 1180 in
1043 1116 1214 1181 scoliorum
1241 1116 1299 1181 illa
1328 1115 1407 1182 defi-

256 1217 377 1283 nitione
399 1216 533 1301 Didymi
560 1218 697 1301 uestigia
727 1216 878 1301 detegere
906 1216 999 1282 nobis
1021 1216 1163 1300 contigit.
1208 1217 1321 1299 Neque
1350 1219 1408 1300 qui

256 1337 327 1383 cum
349 1318 480 1384 Nabero
500 1311 672 1401 ‘quidquid
695 1324 841 1403 superest
863 1337 881 1384 e
900 1318 1085 1401 Polemone,
1109 1317 1252 1401 Didymo
1275 1309 1404 1385 deberi'

255 1438 443 1503 persuasum
465 1418 584 1486 habent
606 1420 718 1502 (praef.
740 1420 782 1486 ad
802 1419 895 1486 Phot.
918 1440 949 1503 p.
964 1421 1014 1495 12)
1028 1422 1063 1502 ¹),
1094 1439 1134 1485 ea
1156 1438 1294 1502 quoque,
1322 1439 1407 1502 quae

256 1520 297 1586 de
313 1521 443 1604 parodis
459 1521 623 1604 discimus,
647 1521 857 1588 Chalcentero
879 1520 1046 1587 uindicare
1065 1521 1264 1587 dubitabunt.
1303 1521 1407 1606 Didy-

256 1623 327 1688 mus
357 1629 464 1689 autem
498 1623 666 1705 usurpauit
695 1622 829 1689 fortasse
862 1624 944 1689 inter
976 1623 1058 1688 elios
1089 1621 1177 1688 Semi
1207 1624 1294 1689 Delii
1325 1624 1409 1709 περὶ

255 1721 411 1788 παιάνων
426 1724 543 1789 librum
566 1723 618 1802 (cf.
634 1722 711 1790 diss.
727 1729 824 1790 nostr.
845 1743 876 1807 p.
893 1726 1029 1806 120sq.).
1065 1723 1213 1791 Ceterum
1227 1725 1407 1809 Didymum

255 1825 361 1908 ipsum
382 1825 424 1891 ab
446 1824 614 1891 Athenaeo
642 1827 821 1908 inspectum
849 1845 1005 1892 essenon
1028 1825 1159 1903 cred02)
1186 1845 1291 1910 neque
1321 1846 1407 1910 quae

254 1925 296 1992 de
322 1926 447 2008 seoliis,
475 1928 668 2011 paeanibus,
698 1927 891 1994 carminibus
913 1928 1071 2010 Locride,
1101 1927 1245 2011 parodiis
1272 1929 1405 2013 profert,

253 2029 295 2093 ab
324 2029 394 2111 ipso
424 2047 442 2095 e
470 2027 608 2096 diuersis
636 2029 777 2096 fontibus
799 2035 951 2112 congesta
979 2048 1051 2095 esse
1080 2027 1160 2094 mihi
1189 2029 1405 2113 persuadebo.

254 2129 355 2194 Immo
371 2129 452 2197 haec
468 2131 575 2196 omnia
590 2132 681 2196 iuxta
695 2131 858 2197 inuenisse
880 2129 1041 2212 putandus
1064 2136 1113 2197 est
1135 2131 1168 2196 iu
1190 2132 1273 2197 libro
1294 2132 1406 2215 aliquo

254 2230 386 2313 musico,
409 2232 537 2313 qualem
552 2231 711 2315 expilauit
732 2233 839 2314 etiam,
863 2251 934 2298 curn
957 2231 1031 2297 libri
1053 2231 1131 2298 XIV
1153 2231 1260 2315 capita'
1282 2234 1409 2300 musica

252 2330 414 2414 Didymea
437 2338 469 2398 et
490 2333 671 2400 Aristocles.
694 2332 839 2399 doctriua
861 2333 1010 2417 repleret.

727 2535 930 2545 ——-..

712 2683 839 2760 Oreus
865 2684 950 2760 VII.

593 2830 652 2908 Dc
672 2834 836 2930 scoticos
854 2837 1058 2936 prelacrci's.

337 3001 471 3067 Peracto
494 3003 608 3068 itinere
637 3004 664 3068 si
693 3004 757 3069 iam
779 3005 920 3072 redimus
948 3005 1114 3071 nobiscum
1143 3005 1177 3068 in
1205 3006 1404 3088 memoriam,

252 3100 314 3168 hae
329 3102 478 3168 uidentur
492 3102 738 3188 distinguendae
754 3107 786 3170 in
801 3104 959 3171 Athenaei
981 3105 1023 3170 de
1045 3105 1141 3171 rebus
1164 3105 1296 3170 musicis
1318 3126 1405 3172 oom-

250 3204 498 3272 mentationibus
520 3212 642 3290 partes:

338 3391 361 3453 1)
380 3388 421 3443 cf.
440 3388 480 3445 M.
492 3389 621 3444 Schmidt.
640 3387 726 3457 prael.
747 3385 809 3441 Did.

337 3475 362 3537 2)
380 3471 468 3540 Negat
484 3473 556 3528 idem
568 3473 664 3528 Robde
680 3474 758 3542 p.18.
785 3471 829 3525 Ex
846 3475 959 3527 auctore
974 3471 1091 3541 quodam
1109 3471 1279 3541 symposiaco
1293 3472 1402 3543 Didymi

249 3555 344 3623 ecloga
360 3555 407 3611 illa
424 3557 471 3623 lv,
484 3556 672 3612 1390-140d
690 3555 866 3623 (degentium
878 3556 1021 3623 conuiuiis)
1039 3557 1125 3626 petita
1136 3560 1186 3611 est.
1214 3556 1401 3613 Herodianum

251 3639 324 3707 sapit
341 3638 448 3711 Didymi
465 3641 629 3710 uituperatio
647 3639 695 3705 Xl,
706 3639 788 3694 used.
808 3637 924 3710 Aidepsos
941 3646 985 3695 acl
1001 3638 1142 3711 Πάμφιλος
1158 3640 1208 3706 ΧΙ,
1218 3644 1298 3697 l8lc.
1334 3642 1401 3696 (lum

252 3723 358 3793 Apione
375 3729 404 3779 et
419 3725 554 3792 Diodoro,
578 3723 625 3793 qui
641 3723 796 3791 musmo
820 3741 854 3781 ex
871 3725 1011 3794 Pamphilo
1033 3725 1163 3793 citantur,
1187 3725 1319 3795 Didymus
1342 3727 1401 3781 lau·

252 3808 332 3862 datur
346 3825 374 3878 p.
385 3814 430 3864 501
440 3824 463 3866 a.
481 3810 541 3874 XV,
552 3808 625 3864 689b
638 3808 833 3879 interpretatur
842 3810 946 3865 Achaei
957 3823 1065 3864 uersum
1077 3810 1202 3875 (formula
1213 3805 1319 3878 μήποτε
1331 3808 1401 3881 λέγει

250 3906 330 3958 usus,
355 3899 386 3949 ut
403 3900 468 3961 τοο)
490 3894 518 3948 in
542 3895 767 3950 commentatione
788 3894 837 3948 illa
854 3897 916 3963 περὶ
933 3892 1029 3964 μύρων
1050 3898 1105 3960 (καὶ
1122 3890 1294 3964 στεφάνων),
1321 3909 1401 3964 quarn

251 3977 407 4033 uniuersam
424 3979 520 4048 procul
537 3977 618 4033 dnbio
636 3978 685 4032 uni
702 3979 808 4034 auctori
819 3977 977 4033 Athenaeus
990 3977 1079 4045 debet,
1097 3979 1188 4034 nescio
1201 3993 1237 4033 an
1249 3979 1399 4048 Pamphilo.

249 4058 345 4115 Lexiei
362 4068 427 4118 sunt
442 4063 538 4132 reliqui
554 4063 621 4118 loci:
650 4063 733 4118 eceb.
753 4063 827 4120 errf.
847 4062 923 4117 esar.
942 4063 1025 4119 468d.
1044 4063 1118 4120 4811.
1138 4065 1202 4119 btd.
1221 4069 1283 4120 lde.
