2918 4748
147 340 188 403 90
543 339 656 396 Carolus
675 337 805 393 Albertus
822 338 901 407 Bapp

148 519 291 582 mentum
312 511 451 579 afferens
474 511 563 575 illam
592 516 771 595 temporum
799 509 1021 576 difficultatem
1050 528 1092 575 ex
1114 509 1308 593 Apollodori

151 615 334 683 testimonio
356 612 534 694 oriundam,
558 631 654 695 quarn
678 631 775 695 supra
796 612 918 694 largius
940 612 1156 696 exposuimus.

236 717 322 799 Ergo
350 713 432 779 nihil
461 715 526 778 iam
556 714 663 779 obstat
692 715 861 795 quominus
883 713 1076 778 Aristoclem
1098 712 1309 779 Atheniensis

149 817 340 902 Apollodori
361 816 461 882 fuisse
482 816 652 898 aequalem
675 814 852 880 credamus.

235 919 326 992 Haec
348 923 421 984 sunt
444 936 527 999 quae
550 936 591 983 ex
614 917 684 1000 ipso
707 916 876 982 Athenaeo
905 916 1077 982 discantur.
1122 916 1193 998 Age
1222 934 1308 982 nunc

150 1020 444 1104 circumspiciamus
460 1017 606 1084 eiusdem
620 1019 759 1084 nominis
775 1024 922 1084 auctores
939 1019 981 1084 ab
1000 1018 1074 1082 aliis
1096 1017 1309 1101 scriptoribus

150 1126 424 1203 commemoratos,
444 1140 520 1185 num
534 1121 617 1185 forte
631 1120 715 1186 inter
730 1139 785 1186 eos
801 1120 843 1186 sit
858 1139 953 1201 quem
969 1118 1106 1184 eundem
1122 1137 1193 1185 esse
1209 1124 1309 1201 atque

150 1244 223 1290 eum
240 1222 281 1288 de
297 1241 360 1305 quo
376 1222 502 1305 agimus
517 1241 738 1305 agnoscamus.
776 1222 1010 1286 Enumerantur
1029 1222 1113 1286 uarii
1128 1220 1308 1286 Aristocles

149 1324 237 1408 apud
253 1324 441 1389 Muellerum
463 1323 552 1388 Nili}
569 1324 615 1388 IV
629 1344 660 1407 p.
674 1325 745 1387 329.
778 1322 886 1407 Atque
902 1323 1057 1389 librorum
1072 1342 1152 1405 quos
1167 1323 1308 1406 scripse·

149 1431 223 1491 runt
241 1431 430 1508 argumenta
446 1425 474 1491 si
491 1431 629 1509 spectas,
651 1444 733 1491 unus
756 1431 878 1491 tantum
901 1425 989 1491 illius
1012 1425 1126 1492 similis
1150 1430 1215 1490 est:
1238 1425 1310 1489 lau·

151 1527 245 1593 datur
266 1527 308 1593 ab
329 1526 502 1593 Ammonio
525 1546 549 1592 s.
565 1547 597 1591 u.
616 1523 820 1611 ἒπικήδειοςε
844 1518 1058 1610 Ἀριστοκλῆς
1080 1519 1097 1590 ὁ
1119 1519 1250 1600 Ῥόδιος
1275 1521 1310 1590 ἐν

149 1630 198 1711 τῷ
220 1627 300 1712 περὶ
318 1629 504 1714 ποιητικῆς.
540 1629 590 1693 En
612 1630 708 1694 simul
730 1629 771 1694 de
795 1628 908 1694 eadem
931 1648 966 1693 re
988 1628 1063 1695 uide
1080 1629 1211 1694 citatum
1225 1628 1310 1711 Try·

149 1730 301 1814 phonem‚
325 1731 380 1812 qui
404 1731 500 1796 etiam
523 1729 611 1813 apud
632 1730 708 1796 Ath.
725 1731 779 1813 IV,
796 1734 854 1794 174
876 1736 951 1814 post
968 1731 1161 1797 Aristoclem
1184 1729 1226 1795 de
1249 1727 1310 1813 hy-

150 1831 264 1897 draulo
294 1831 384 1897 testis
406 1831 593 1916 producitur
606 1834 636 1909 ¹).
682 1831 767 1909 Quid
789 1832 911 1916 igitur?
939 1851 1036 1897 unum
1060 1851 1130 1899 esse
1154 1830 1309 1897 eundem·

149 1953 215 2016 que
231 1932 391 1999 hominem
407 1934 435 1998 si
451 1933 663 2013 statuerimus
686 1954 762 1998 num
781 1933 937 2000 audaciae
960 1935 1082 2000 crimen
1103 1933 1308 2000 subibimus?

149 2035 252 2100 Immo
275 2034 369 2100 aliter
394 2035 502 2100 facere
530 2036 588 2099 uix
615 2055 795 2118 possumus.
839 2036 930 2102 Haec
959 2038 1142 2103 coniectura
1170 2037 1198 2101 si
1227 2055 1309 2101 uera

150 2142 217 2218 est,
248 2134 411 2201 Rhodium
442 2136 542 2202 fuisse
570 2135 724 2203 discimus
749 2138 910 2204 Athenaei
939 2139 1140 2204 Aristoclem.
1192 2137 1308 2220 Neque

150 2244 310 2322 repugnat
326 2236 413 2320 quod
429 2257 471 2304 ex
485 2237 559 2303 Ath.
576 2239 630 2322 IV,
642 2243 703 2303 174
726 2239 943 2305 Alexandriae
962 2259 1035 2304 eum
1055 2239 1223 2321 scripsisse
1244 2240 1309 2304 for·

149 2345 237 2406 tasse
259 2345 346 2405 reete
369 2340 526 2422 colligunt
548 2375 589 2385 —
611 2341 747 2417 fortasse
771 2343 917 2423 inquam,
949 2341 1026 2422 quia
1047 2339 1134 2405 istud
1156 2336 1309 2404 ἐνταῦθα

150 2431 436 2525 {replicaverim
457 2448 564 2524 potest
587 2462 628 2507 ex
651 2444 719 2508 eius
742 2448 848 2507 mente
872 2441 993 2506 dictum
1012 2461 1092 2524 esse,
1116 2443 1171 2524 qui
1193 2443 1308 2509 laudat

149 2540 351 2607 Aristoclem.

236 2643 356 2709 Rhodii
382 2649 489 2709 autem
510 2642 686 2711 Aristocles
716 2645 812 2711 etiarn
839 2644 969 2710 aliunde
996 2646 1063 2710 uoti
1092 2652 1173 2711 sunt.
1219 2645 1307 2724 Quo·

150 2767 221 2812 rum
247 2766 329 2813 unus
358 2745 446 2830 apud
476 2745 667 2812 Strabonem
689 2747 766 2812 XIV
789 2766 820 2830 p.
834 2749 895 2810 655
923 2748 957 2810 in
988 2748 1083 2812 claris
1104 2747 1308 2815 Rhodiorum

150 2849 230 2913 uiris
245 2854 428 2913 recensetur
443 2849 526 2913 inter
541 2851 767 2930 grammaticos
789 2847 909 2914 additis
930 2849 1039 2914 uerbis
1063 2842 1079 2912 ὁ
1100 2841 1182 2912 καθ’
1199 2844 1306 2935 ἡμᾶς;

151 2949 297 3028 aequalis
327 2949 424 3029 igitur
453 2953 501 3013 cst
526 2947 693 3015 Strabonis
723 2968 827 3031 neque
856 2955 963 3032 potest
990 2950 1078 3016 idem
1107 2971 1178 3017 esse
1205 2957 1305 3035 atque

150 3048 312 3113 Athenaei
337 3049 513 3115 Aristocles
536 3049 728 3132 Apollodori
756 3052 911 3133 aequalis.
955 3053 1040 3117 Nam
1069 3052 1302 3136 Apollodorum

152 3149 205 3214 hic
227 3148 420 3216 aStrabone
441 3152 675 3217 somnolentum
698 3153 731 3217 in
753 3152 883 3218 modum
907 3142 1054 3219 describi
1067 3171 1170 3236 neque
1193 3153 1305 3220 credet

153 3253 322 3335 quisquam
337 3271 442 3335 neque
458 3251 697 3318 demonstrabit.
734 3253 882 3320 Ceterum
905 3255 946 3320 de
961 3255 1166 3321 Ammoniani
1180 3254 1306 3322 Aristo-

151 3354 211 3418 olis
234 3354 431 3435 temporibus
453 3353 535 3419 nihil
557 3355 691 3438 seimus;
714 3356 776 3421 nisi
800 3356 886 3439 quod
907 3356 1120 3423 recentissimi
1141 3354 1308 3424 Ammonii

151 3459 298 3518 auctores
328 3454 465 3537 Augusti
497 3462 528 3520 et
550 3455 672 3520 Tiberii
700 3463 806 3522 aetate
834 3459 984 3523 aixerunt
1012 3457 1179 3535 (Valcken.
1202 3461 1306 3543 praef.

150 3575 183 3638 p.
194 3554 318 3629 XXIII)
329 3556 362 3632 Ἰ).
399 3555 514 3638 Neque
529 3577 606 3622 uero
623 3564 679 3641 est,
704 3578 759 3624 cur
774 3557 941 3626 Strabonis
956 3561 1149 3627 Aristoclem
1172 3561 1214 3626 ab
1229 3560 1308 3628 Am·

157 3685 356 3692 -—-——-

239 3746 263 3804 t)
281 3737 322 3794 Of.
341 3737 470 3792 Schmidt.
490 3738 551 3792 Did.
563 3742 595 3791 24
606 3755 644 3806 sq.

239 3829 265 3890 2)
281 3813 388 3878 Aelium
409 3824 480 3877 enim
497 3823 658 3893 Dionysium
679 3825 714 3878 ab
732 3827 875 3882 Ammonio
897 3833 1057 3896 usurpatum
1080 3842 1141 3882 esse
1162 3827 1229 3881 mihi
1251 3845 1310 3886 non

152 3908 281 3976 probauit
303 3909 403 3978 Freyer
427 3909 465 3976 (in
482 3907 559 3962 Stnd.
574 3908 648 3978 Lips.
667 3909 756 3964 uolV
773 3928 800 3979 p.
811 3916 861 3965 369
871 3916 954 3979 sqq.);
979 3913 1026 3979 qui
1049 3912 1117 3966 illud
1139 3911 1166 3965 οἱ
1183 3910 1310 3980 παλαιοί,

149 4007 206 4060 quo
224 3992 328 4058 nititur,
346 3994 400 4051 iam
417 4007 434 4047 a
451 3992 566 4062 Didymo
585 3993 734 4049 adhibitum
751 4011 812 4051 esse
829 3997 888 4065 ipse
906 3997 1038 4052 concedit.
1067 3997 1103 4051 cf.
1118 3997 1219 4052 Nabar.
1233 3999 1306 4066 prol.

149 4077 187 4131 ad
199 4076 279 4131 Phot.
291 4080 372 4145 pt&
387 4076 556 4134 ‘Ammonius
568 4095 634 4135 usus
646 4085 688 4134 est
697 4080 851 4150 Tryphone,
863 4081 957 4136 eodem
967 4082 1060 4136 Aelius
1072 4082 1151 4136 Dion.
1163 4108 1196 4126 =
1206 4083 1309 4141 Phot’.
