2918 4748
249 340 311 397 144
646 339 758 394 Carolus
775 339 905 394 Albertus
923 339 1001 409 Bapp

245 514 319 576 τίον
343 509 665 598 προσηγορεύθησαν
689 509 805 576 σκόλια
832 508 874 574 τὰ
898 514 1060 595 παροίνια
1082 510 1181 596 μέλη·
1214 505 1308 575 διπλᾶ
1337 510 1399 598 γὰρ

248 603 331 675 αὐτὰ
355 609 450 697 ἐχρῆν
473 607 638 678 εἶναικαὶ
669 607 785 676 εύκολα
816 606 861 687 ὡς
888 609 983 692 παρὰ
1010 609 1117 677 πότον
1147 604 1304 698 ᾀδόμενα.
1344 606 1401 678 ούκ

246 696 281 776 εύ
305 710 340 776 δὲ
362 716 478 778 τούτο·
507 712 549 778 τὰ
571 711 634 799 γὰρ
658 712 816 800 δύσφημα
839 710 896 778 ἐπί
919 711 956 778 τδ
982 705 1209 800 εὐφημότερον
1230 716 1401 797 μεταλαμ-

245 810 398 896 βάνεται,
429 811 466 879 οὐ
493 812 559 900 μὴν
579 809 785 896 τοέμπαλιν·
817 807 890 879 ἄλλ’
917 805 970 879 ὅτι
1001 807 1059 878 ούκ
1088 807 1156 879 aad
1187 817 1247 880 τού
1276 814 1351 902 ἑξῆς
1379 813 1398 902 ἡ

246 911 328 1000 λύρα
349 927 421 993 τοῖς
443 914 632 998 συμπόταις
659 914 789 982 ἐδίδοτο
814 908 888 981 ἄλλ’
916 913 1071 996 ἐναλλάξ,
1101 913 1158 981 διὰ
1180 914 1239 1003 τὴν
1263 916 1400 984 σκολιὰν

246 1017 306 1101 τῆς
328 1015 429 1102 λύρας
451 1016 642 1105 περιφορὰν
665 1017 781 1084 σκόλια
804 1015 942 1102 ἐλέγετο.
966 1053 1008 1063 -
1030 1019 1140 1085 Habes
1163 1020 1304 1086 secundo
1327 1022 1399 1087 loco

247 1119 353 1203 posita
375 1122 476 1217 uerba
496 1119 688 1187 Dicaearchi
710 1122 775 1188 illis
797 1120 885 1206 apud
906 1119 1015 1187 Schol.
1030 1120 1115 1186 Nub.
1139 1122 1317 1204 simillima;
1349 1143 1399 1188 ce-

246 1225 439 1286 terum-ante
455 1217 536 1306 ηἰσαι
552 1223 712 1289 excidisse
728 1223 828 1288 uerba
848 1217 935 1305 πρὸς
949 1218 1096 1305 κιθάραν
1112 1223 1316 1289 manifestum
1333 1230 1398 1307 est;

245 1321 321 1386 uide
344 1322 484 1407 Hesyoh.
508 1344 532 1390 s.
549 1344 578 1388 u.
602 1327 760 1409 μυρρίνης
781 1320 902 1398 κλάδος
914 1324 945 1401 ¹).
989 1323 1095 1406 Ipsius
1123 1324 1255 1408 Didymi
1284 1345 1398 1391 uocem

246 1425 395 1503 agnoscis
412 1425 446 1488 in
463 1425 570 1490 uerbis
594 1415 651 1488 ούκ
667 1409 701 1488 εὗ
719 1422 754 1487 δὲ
769 1425 877 1502 τοῦτο,
901 1424 1016 1506 quibus
1040 1425 1122 1490 solet
1144 1425 1200 1490 ille
1222 1426 1269 1490 uti
1290 1427 1399 1492 aliena

247 1524 447 1607 impugnans.
480 1524 571 1604 Quae
587 1525 708 1591 claudit
722 1544 838 1609 agmen
853 1526 1037 1610 explicatio,
1061 1544 1132 1591 eam
1147 1525 1306 1610 Didymus
1326 1528 1397 1612 ipse

245 1623 373 1690 uidetur
387 1627 486 1709 tueri;
510 1627 723 1709 discernenda
737 1632 844 1692 autem
860 1632 908 1694 est
923 1627 963 1693 ab
979 1627 1046 1709 illa,
1066 1646 1163 1709 quam
1177 1628 1398 1696 Dicaearchus

245 1725 333 1809 apud
362 1727 461 1793 schol.
483 1728 565 1793 Plat.
595 1733 648 1804 (=
661 1728 750 1804 Aah.)
777 1727 848 1811 δαίς
877 1749 953 1793 nam
983 1724 1125 1803 ἐναλλάξ
1152 1735 1184 1794 et
1211 1723 1257 1805 ιδς
1286 1726 1397 1810 ἐταχεν

245 1847 375 1910 prorsus
402 1828 530 1896 diuersa
558 1829 754 1913 significant:
784 1828 865 1894 illud
892 1830 977 1896 enim
1001 1835 1121 1896 certum
1144 1830 1305 1914 ordinem,
1334 1831 1397 1899 hoo

244 1929 375 1994 nullum.

328 2031 470 2116 Didymo
493 2035 589 2098 etiam
611 2031 809 2116 Hesychium
833 2053 891 2099 sua
915 2032 1033 2099 debere
1057 2039 1165 2100 nostro
1195 2035 1264 2100 iure
1292 2036 1397 2118 suspi-

244 2151 362 2198 camur.
407 2133 470 2211 Qui
491 2135 640 2218 praebet:
675 2130 808 2198 σκόλιον
830 2127 849 2217 ἡ
874 2137 1050 2250 παροίνιος
1077 2124 1164 2218 ιρδη,
1196 2126 1233 2197 οὗ
1258 2131 1314 2199 διὰ
1336 2132 1397 2220 τὴν

243 2234 459 2314 μελοποιίαν·
490 2227 565 2298 ἀλλ’
590 2226 643 2299 ὅτι
666 2226 723 2316 οὐχ
746 2226 893 2309 ἅπαντες
918 2233 998 2318 ιτδον
1021 2225 1106 2297 αύτδι
1129 2225 1214 2297 ἀλλὰ
1236 2232 1339 2316 μόνον
1363 2235 1398 2301 ot

245 2340 386 2401 συνετοί.
430 2337 613 2404 Posteriora
641 2357 705 2402 non
733 2338 835 2420 ipsius
857 2336 991 2419 Didymi
1019 2335 1078 2402 sed
1100 2336 1294 2402 Dicaearchi
1323 2358 1397 2404 sen-

245 2439 377 2503 tentiam
399 2440 577 2522 continent;
605 2441 715 2522 priora
743 2444 850 2505 autem
877 2438 1013 2504 reiciunt
1042 2456 1152 2503 omnes
1181 2439 1397 2522 etymologias

245 2540 410 2605 amusica
432 2541 580 2606 carminis
603 2540 712 2606 indole
734 2541 868 2622 petitas,
898 2539 1000 2604 itaut
1023 2540 1276 2621 complectantur
1305 2538 1395 2606 dam-

244 2641 373 2706 natione
402 2661 474 2707 eam
500 2661 643 2725 quoquo,
672 2661 768 2724 quam
791 2639 951 2724 Didymus
979 2638 1066 2722 apud
1095 2637 1195 2706 schol.
1211 2640 1308 2725 Vesp.
1332 2642 1396 2706 sin-

244 2743 397 2824 gulariter
417 2744 543 2827 refutat,
567 2744 817 2826 explicationem
840 2737 875 2805 ἐκ
888 2741 948 2805 τού
964 2736 1129 2806 ἐναντίον·
1154 2734 1248 2804 ἁπλᾶ
1262 2738 1325 2826 γὰρ
1339 2744 1395 2808 καί

244 2837 361 2908 εὔκολα
383 2869 440 2910 -:
464 2845 503 2911 cs.
519 2844 593 2910 Ath.

328 2947 355 3010 D
378 2947 520 3031 Didymo
547 2948 702 3029 pleraque
732 2965 814 3028 quae
841 2945 882 3010 do
904 2945 1012 3027 poesis
1041 2945 1211 3027 generibus
1242 2945 1395 3030 disputat,

245 3045 390 3113 hausisse
411 3048 559 3114 Proolum
587 3052 720 3113 constat.
765 3045 828 3122 Qui
856 3045 937 3110 haec
965 3045 1099 3128 profert:
1128 3040 1165 3108 τδ
1195 3043 1231 3108 δὲ
1261 3043 1395 3112 σκόλιον

242 3146 342 3228 μέλος
365 3183 406 3192 -
429 3140 599 3229 ἀνειμένον
622 3144 693 3212 ἐστὶ
717 3148 756 3231 τῇ
777 3147 961 3229 κατασκευῇ
989 3145 1044 3208 καὶ
1074 3139 1307 3209 ἁπλούστατον
1328 3147 1396 3228 μά-

244 3249 358 3315 λιστα·
382 3247 515 3316 σκύλιον
531 3248 567 3313 δέ
586 3246 715 3335 ε’ίρηται
738 3238 795 3326 οὐχ
817 3240 863 3320 ιῦς
886 3242 987 3320 ἐνίοις
1008 3241 1102 3321 ἐδοξε
1123 3241 1207 3309 κατὰ
1230 3237 1396 3334 ἀντίφρα-

244 3373 297 3416 σιν
319 3349 372 3430 (τὰ
394 3349 456 3437 γὰρ
478 3347 562 3416 κατὰ
586 3343 785 3436 διντίφρασιν
803 3342 849 3422 ὥς
872 3343 1000 3413 ἐπίπαν
1015 3348 1074 3410 τοῦ
1090 3337 1301 3434 εύφημισμού
1318 3369 1395 3415 στο-

240 3448 392 3531 χάζεται,
424 3445 481 3516 ούκ
503 3451 551 3526 εἰς
572 3454 782 3537 κακοφημίαν
809 3447 1011 3532 μεταβάλλει
1037 3445 1075 3513 τὸ
1100 3441 1273 3535 εύφημον).
1310 3443 1393 3515 ἀλλὰ

245 3547 352 3616 διὰτὸ
370 3552 705 3636 προκατειλημμένων
725 3543 788 3636 ἤδη
811 3553 877 3615 τῶν
901 3548 1131 3637 αἰσθητηρίων
1153 3549 1209 3614 καί
1232 3555 1394 3636 παρειμέ-

243 3678 309 3719 νων
333 3651 414 3738 οίνηι
435 3655 502 3717 ταν
528 3645 699 3737 ἀκροατῶν
720 3655 899 3738 τηνικαῦτα
923 3651 1145 3739 εἰσφέρεσθαι
1172 3649 1210 3716 τὸ
1233 3651 1393 3739 βάρβιτον

244 3753 292 3832 είς
312 3752 355 3820 τδι
378 3752 551 3837 σομπύσια
573 3755 629 3819 καὶ
651 3751 901 3833 διονοσιαζοντα
924 3752 1060 3819 ἕκαστον
1076 3743 1298 3840 ἆκροσφαλώς
1316 3776 1393 3840 συγ-

331 3995 355 4048 1l
374 3989 464 4044 Verba
482 3989 646 4044 scholiastae
664 3988 743 4042 simul
760 4003 822 4042 cum
838 3987 891 4040 isto
909 3999 1000 4039 errore
1016 3999 1142 4055 recepere
1160 3985 1224 4043 Hcs.
1243 4003 1264 4043 s.
1275 4004 1301 4043 u.
1316 3986 1393 4054 ᾄδειν

243 4071 310 4141 πρὸε
327 4079 469 4143 μυρρίνην,
486 4073 586 4129 Zenob.
598 4073 620 4138 Ι,
632 4077 672 4138 19,
690 4074 761 4141 App.
773 4072 853 4125 Prou.
863 4069 885 4135 I,
896 4075 920 4124 5.
