2918 4748
239 350 300 416 130
634 346 748 402 Carolus
765 347 893 403 Albertus
910 349 989 417 Bapp

237 521 349 608 γήσεις
371 522 530 606 Didymus
553 541 617 585 non
639 520 744 604 potuit
764 520 929 586 nominare
951 527 1077 605 poetae,
1102 521 1213 588 debuit
1234 523 1392 606 interpre-

237 634 303 693 tum
328 625 562 708 castigationes.
600 621 687 705 Περὶ
703 613 818 696 Ἴωνος
841 622 969 706 scripsit
985 623 1067 689 Bato
1083 623 1282 709 Sinopensis,
1305 644 1391 691 saec.

238 748 266 792 a.
283 727 367 793 0.ss
391 725 476 806 (Ath.
492 726 534 808 X,
551 725 665 807 4360,
691 723 776 788 unde
800 723 841 787 M.
865 722 1013 790 Schmidt
1036 726 1129 790 olim:
1152 721 1185 790 ἓν
1208 737 1282 801 ταῖς
1304 722 1392 811 πρὸς

238 826 381 892 Βάτωνα
404 819 673 912 ἆνιεξηγήσισιν;
700 825 759 891 sod
788 825 947 891 nescimus
968 844 1045 890 num
1067 828 1330 894 commentarium
1358 829 1393 894 iu

237 931 317 997 Iona
338 931 420 996 Bato
442 930 620 1014 scripserit,
650 946 725 993 nam
745 927 828 993 liber
850 926 929 1012 περὶ
945 919 1061 1004 Ἴωνος
1089 930 1261 1012 inscriptus
1290 930 1393 995 uitam

237 1033 344 1116 potius
373 1036 506 1117 poetae,
539 1030 676 1096 fortasse
708 1033 809 1094 artem
842 1029 911 1094 eius
944 1048 1110 1096 enarrasse
1142 1029 1303 1115 putandus
1332 1035 1392 1097 ost

237 1133 466 1215 Interpretatur
480 1132 568 1197 Ionis
586 1129 743 1213 quosdam
765 1149 876 1196 uersus
898 1130 986 1214 apud
1001 1130 1203 1197 Athenaeum
1221 1123 1394 1217 Ἐπιγένης

237 1234 464 1317 grammaticus
485 1233 534 1297 XI
555 1253 587 1317 p.
601 1234 704 1314 46803
727 1231 782 1297 ubi
803 1232 901 1315 paulo
923 1237 998 1316 post
1018 1234 1176 1315 sequitur:
1199 1233 1331 1314 βέλτιον
1356 1232 1395 1298 δὲ

238 1335 353 1419 λέγειν,
376 1324 421 1410 ὥς
437 1352 539 1420 φησιν
555 1327 572 1397 ὃ
588 1330 740 1414 Δίδυμος
756 1327 788 1397 ἓν
803 1333 852 1416 νηῒ
867 1334 926 1397 τοῦ
942 1330 1110 1417 ὁράματος
1123 1325 1396 1418 (Ἀγαμέμνονος)

238 1433 417 1522 ἐξηγητικῷ
439 1471 491 1499 -.
528 1433 614 1513 Quid
635 1435 757 1518 igitur?
790 1434 827 1500 Si
848 1436 1029 1519 legeremus
1049 1432 1085 1501 Aa
1100 1448 1175 1512 ταῖς
1197 1433 1284 1521 πρὸς
1297 1427 1395 1502 Ἐνιι-

237 1540 312 1623 γένη
342 1530 609 1622 ἆντεξηγήσεσιν,
638 1556 701 1602 non
728 1537 924 1602 miraremur.
969 1537 1140 1605 Sumamus
1168 1558 1245 1622 ergo
1275 1539 1394 1605 thiaso:

239 1636 272 1702 ἐν
295 1651 370 1714 ταῖς
392 1633 478 1721 πρὸς
500 1630 667 1724 (Ἐπιγένη
691 1633 756 1720 εἷς)
772 1630 872 1702 Ἴωνα
896 1629 1164 1724 ἇννεξηγησεσιν,
1192 1642 1237 1706 ita
1258 1646 1293 1706 ut
1314 1641 1394 1725 Epi·

238 1743 329 1825 genis
344 1742 397 1807 uel
412 1740 495 1806 alius
510 1739 676 1806 cuiusdam
692 1740 875 1823 interpretis
897 1761 1014 1807 nomen
1036 1742 1189 1808 omissum
1212 1744 1262 1808 sit.
1297 1742 1395 1809 Certe

238 1863 335 1925 quam
357 1843 499 1908 maxime
527 1841 588 1906 fuit
609 1840 744 1924 Didymi
765 1840 944 1908 Aristarchi
973 1843 1253 1926 interpretationes
1282 1850 1396 1910 contra

237 1945 373 2011 aliorum
394 1949 574 2009 commenta
596 1944 826 2026 scrupulcsque
849 1942 1032 2027 defendere,
1059 1944 1095 2010 id
1117 1945 1204 2028 qued
1226 1944 1279 2011 hic
1301 1945 1393 2011 uide·

237 2054 288 2112 tur
303 2046 428 2111 fecisse.
444 2079 486 2088 -
509 2043 603 2110 Omni
626 2050 712 2110 certe
734 2042 941 2110 fundamento
964 2052 1061 2130 caret,
1085 2047 1171 2130 quod
1186 2040 1296 2130 Bergk
1317 2067 1392 2130 pro·

238 2148 360 2231 posuit:
389 2142 476 2230 πρὸς
499 2137 634 2228 Ἰξίονα,
666 2145 696 2211 h.
715 2165 743 2212 c.
766 2147 965 2212 Demetrium
992 2149 1108 2213 Ixiona
1136 2150 1392 2232 grammaticum,

238 2247 463 2333 Aristophanis
485 2249 700 2330 interpretem.
738 2248 829 2314 Idem
851 2247 1058 2315 iudicandum
1081 2256 1129 2314 est
1152 2250 1193 2315 de
1208 2249 1393 2334 Schmidtii,

238 2370 332 2432 quam
354 2350 429 2415 Did.
448 2370 479 2434 p.
494 2352 611 2432 303sq.
634 2350 776 2435 protulit,
799 2351 996 2416 coniectura:
1024 2346 1057 2414 ἐν
1072 2361 1146 2425 ταῖς
1169 2347 1254 2435 πρὸς
1273 2343 1392 2431 Ἰώβαν

238 2443 499 2535 ἆνιεξηγησεσιν.
543 2452 628 2515 Nam
655 2457 690 2516 ut
712 2450 753 2516 de
774 2451 875 2516 Iubae
905 2448 1077 2538 ίξηγήσεσι
1105 2451 1187 2517 nihil
1214 2472 1272 2518 nos
1302 2471 1390 2518 com·

237 2557 363 2636 pertum
391 2549 510 2616 habere
539 2552 699 2634 omittam,
728 2557 778 2634 nt,
809 2552 894 2634 quod
922 2551 1010 2637 apud
1032 2552 1233 2619 Athenaeum
1262 2572 1391 2638 semper

236 2655 354 2736 legitur
372 2642 479 2733 Ἰόβας
503 2671 609 2736 neque
631 2672 766 2735 usquam
788 2654 867 2719 alibi
885 2644 1002 2736 Ἰώβας
1030 2645 1169 2736 (horitur
1191 2655 1279 2740 apud
1302 2654 1389 2721 Stra-

237 2756 376 2838 bonem),
398 2755 517 2820 nullius
538 2755 656 2820 faciam
677 2757 843 2821 momenti:
872 2757 960 2822 nullo
983 2757 1048 2822 alic
1070 2763 1258 2840 argumento
1278 2757 1391 2823 nititur
1429 2799 1432 2804 -

237 2857 385 2924 Schmidt
411 2857 475 2922 nisi
505 2874 559 2938 eo,
590 2855 676 2937 quod
697 2856 875 2939 Didymum
898 2858 996 2924 Iubae
1026 2866 1058 2925 et
1086 2861 1216 2943 saepius
1246 2860 1287 2925 de
1315 2860 1389 2926 aliis

236 2959 331 3023 rebus
354 2963 387 3022 et
407 2956 510 3022 semel
530 2955 572 3020 de
595 2975 715 3037 organo
734 2958 843 3038 aliquo
865 2959 987 3023 musico
1009 2962 1052 3036 (u.
1068 2960 1145 3026 Hes.
1162 2980 1186 3026 s.
1200 2981 1230 3025 u.
1245 2960 1389 3046 βλίτυρι)

236 3058 442 3122 aduersatnm
458 3076 528 3122 esse
547 3057 675 3123 scimus.
712 3055 873 3122 Rchdium
888 3077 976 3142 uero,
1000 3061 1056 3140 qui
1078 3062 1205 3144 accepit
1218 3060 1391 3128 Schmidtii

237 3160 466 3241 coniecturam,
496 3158 596 3224 Iubae
621 3160 754 3225 nimium
783 3159 924 3225 tribuere
952 3160 1039 3244 apud
1061 3160 1263 3227 Athenaeum
1292 3181 1391 3246 supra

236 3263 314 3328 satis
337 3261 545 3343 oognouimus
562 3261 695 3342 eiusque
717 3266 914 3344 argumenta,
937 3260 1053 3342 quibus
1074 3281 1106 3345 p.
1121 3266 1160 3324 47
1184 3281 1256 3328 eam
1278 3263 1388 3331 defen-

237 3362 299 3445 dit,
329 3364 394 3427 iam
421 3363 620 3446 redegimus.
666 3362 809 3427 Primum
838 3362 923 3427 enim
946 3363 1054 3446 capita
1077 3365 1228 3429 acesco
1256 3366 1388 3433 minima

236 3465 319 3528 inter
341 3482 376 3528 sc
397 3470 541 3547 pugnant
562 3482 622 3530 nec
644 3463 818 3546 Didymum
841 3464 956 3550 capitis
980 3466 1019 3528 35
1045 3467 1168 3530 auctori
1196 3484 1288 3531 suam
1316 3486 1387 3534 sen·

236 3564 370 3631 tentiam
392 3583 570 3648 opponere,
599 3571 635 3630 ut
664 3585 736 3631 eum
759 3568 911 3649 castiget,
942 3564 1040 3633 debet
1068 3567 1180 3650 statni3
1210 3567 1286 3632 dein
1308 3569 1388 3653 Try·

235 3665 375 3751 phonem
402 3685 423 3730 a
449 3664 530 3729 Iuba
559 3685 622 3730 non
649 3685 745 3748 posse
772 3667 954 3733 adhibitum
987 3687 1057 3733 esse
1090 3668 1387 3756 demonstrauimus,

236 3768 320 3834 unde
336 3772 471 3852 apparet
484 3772 581 3851 caput
596 3769 647 3851 35,
671 3769 698 3834 si
713 3770 852 3852 omnino,
876 3774 961 3835 certe
984 3788 1048 3834 non
1070 3774 1172 3835 totum
1187 3770 1287 3837 Iubae
1304 3791 1387 3840 esse.

321 3871 391 3934 Iam
406 3869 477 3952 quis
493 3874 542 3935 est
555 3875 666 3935 auctor
681 3871 822 3955 capitum
838 3869 980 3954 37sqq.?
1013 3870 1189 3955 Didymum
1205 3890 1276 3939 esse
1295 3874 1389 3940 illum

236 3987 425 4052 persuasum
455 3968 568 4036 habco.
613 3970 739 4036 Etenim
765 3977 892 4056 spectat
920 3977 1017 4054 caput
1039 3974 1078 4035 37
1108 3972 1151 4037 ad
1175 3970 1389 4042 Anacreontis

236 4087 364 4134 uersum
394 4070 667 4153 interpretandum
695 4072 772 4137 item
803 4077 838 4137 ut
867 4078 964 4156 caput
986 4074 1026 4136 36
1055 4072 1098 4139 ad
1120 4073 1225 4158 Ionis;
1253 4080 1389 4159 uterquc
