2918 4748
224 337 289 398 112
624 335 737 394 Carolus
755 336 885 392 Albcrtus
904 337 981 408 Bapp

222 531 297 578 cern
318 531 383 577 non
404 529 476 577 cum
497 510 578 576 Iuba
600 508 660 576 sed
681 530 753 578 cum
782 530 821 577 eo
846 512 1002 595 scriptore
1030 510 1139 577 facere
1167 507 1385 594 confitebitur,

224 632 322 696 quem
335 634 367 697 p.
380 612 470 678 182d
491 611 645 678 describit
659 610 859 679 Athenaeus:
881 611 967 679 hunc
981 631 1058 678 uero
1073 610 1283 695 Tryphonem
1298 630 1384 694 esse,

224 714 317 780 cuius
332 720 365 781 et
379 713 479 780 uerba
494 712 642 797 proxime
657 713 850 780 antecedunt
873 720 905 779 et
925 732 1042 780 nomen
1065 712 1265 796 (interposito
1281 713 1384 780 Iubae

222 814 421 892 testimonio)
443 816 600 898 sequitur,
623 816 702 881 satis
724 814 920 881 uerisimile
943 820 1008 898 est,
1030 813 1220 898 praesertim
1243 834 1317 881 cum
1340 812 1384 881 de

226 914 521 983 Alexandrinorum
547 936 635 982 more
657 922 780 1001 agatur.
825 915 873 981 Ac
895 916 1003 982 nescio
1025 935 1068 981 an
1089 913 1385 981 Alexandrinorum

225 1018 340 1085 laudes
369 1017 555 1087 Athenaeus
587 1019 620 1084 in
648 1017 823 1104 Tryphone
851 1015 1072 1084 Alexandrino
1106 1015 1274 1082 inuenerit.
1325 1015 1385 1087 Sic

225 1139 333 1186 rursus
355 1121 581 1203 neglegentiae
604 1120 725 1187 crimen
746 1119 788 1186 ab
812 1139 850 1186 eo
872 1118 1086 1186 defendimus.

312 1218 380 1287 Sed
400 1222 505 1287 acrius
527 1221 635 1288 statim
659 1222 833 1304 castigatur
854 1218 1199 1305 Deipnosophistarum
1227 1224 1339 1285 auctor
1362 1239 1385 1286 a

225 1320 355 1388 Rohdio
368 1328 501 1408 propter
515 1323 615 1388 alium
629 1323 771 1388 Pollucis
786 1322 976 1389 dissensum.
1013 1321 1140 1387 Etenim
1155 1319 1198 1386 de
1212 1320 1383 1403 pandurae

224 1423 411 1490 inuentione
427 1443 523 1506 quam
539 1424 620 1489 Poll.
642 1427 714 1500 §60
736 1424 879 1508 Assyriis
901 1422 1021 1506 tribuit,
1045 1420 1230 1488 Athenaeus
1253 1442 1285 1505 p.
1300 1421 1389 1486 18ss

225 1523 308 1591 haec
328 1530 452 1592 narrata
485 1522 694 1611 Πυθαγόρας
716 1519 733 1590 ὅ
757 1520 931 1611 γεγραφώς
952 1523 1031 1607 περὶ
1057 1525 1116 1607 τῆς
1144 1519 1290 1608 ἐρυθρᾶς
1312 1524 1386 1586 θα-

226 1623 352 1711 λάσσης
373 1623 451 1702 τοὺς
469 1623 707 1713 Τρωγλοδύτας
729 1626 814 1712 φησὶ
835 1622 1089 1702 κατασκευάζειν
1110 1621 1171 1708 τὴν
1186 1622 1384 1708 πανδσῦραν

225 1722 261 1789 ἐκ
282 1728 341 1811 της
363 1725 397 1791 ἐν
419 1727 458 1813 τῇ
477 1725 636 1813 θαλάσσῃ
660 1729 827 1812 φυομένης
853 1723 991 1813 δάφνης.
1033 1719 1165 1792 ‘Verum
1189 1731 1253 1808 est,
1283 1724 1384 1792 uehe-

225 1835 349 1895 menter
377 1821 575 1914 discrepant’
601 1830 705 1913 inquit
732 1828 846 1895 Rohde
880 1830 924 1914 (p.
940 1831 1003 1907 28).
1054 1829 1124 1894 Iam
1151 1828 1274 1894 confert
1302 1827 1381 1894 Ath.

224 1929 312 2013 XIV,
329 1932 427 2015 tuuf,
457 1932 513 1996 ubi
540 1930 628 1997 idem
649 1929 851 2014 Pythagoras
873 1929 1010 1996 Parthos
1033 1935 1065 1995 et
1086 1927 1304 2012 Troglodytas
1332 1931 1383 1995 uti

223 2031 323 2096 refert
337 2032 491 2098 sambuca
506 2033 670 2117 (χρῆσθαι
689 2031 778 2114 dicit,
800 2029 882 2097 nihil
896 2032 1057 2117 amplius).
1088 2023 1236 2112 ‘Magnas
1258 2030 1383 2097 alicubi

224 2131 334 2197 turbas
356 2134 498 2200 mouisse
513 2133 715 2199 Athenaeum
738 2123 922 2199 concedes'.
960 2133 1004 2198 At
1018 2152 1079 2198 nec
1100 2130 1197 2197 uideo
1212 2130 1382 2197 Pollucem

223 2251 297 2298 cum
316 2231 484 2300 Athenaeo
506 2254 651 2318 pugnare
673 2254 733 2301 nec
754 2235 894 2317 priorem
918 2232 1012 2298 huius
1035 2234 1140 2298 locum
1163 2252 1236 2298 cum
1258 2231 1381 2316 altero;

223 2335 322 2400 immo
337 2355 389 2402 res
405 2336 552 2404 diuersae
566 2356 627 2402 nec
640 2342 748 2401 tamen
767 2336 945 2402 contrariae
967 2332 1144 2400 traduntur.
1182 2331 1277 2410 Quod
1298 2352 1378 2400 uero

223 2435 338 2500 Rohde
360 2435 609 2519 Euphorionem,
632 2457 674 2503 ex
696 2457 758 2518 quo
781 2442 916 2519 utroque
939 2436 1010 2502 loco
1026 2434 1227 2518 Pythagoras
1251 2435 1378 2516 citatur,

223 2542 395 2619 postquam
417 2558 448 2620 p.
465 2540 555 2603 635a
583 2538 766 2604 sambucam
796 2536 883 2603 idem
905 2557 976 2603 esse
998 2539 1260 2620 instrumentum,
1290 2535 1378 2619 quod

221 2643 320 2704 antea
334 2638 482 2722 magadis
496 2640 694 2724 appellatum
711 2639 816 2722 fuerit,
840 2638 1035 2721 tradidisset,
1058 2658 1122 2703 non
1144 2639 1289 2721 potuisse
1304 2658 1378 2704 nar-

223 2759 294 2805 rare
306 2740 469 2806 contendit
480 2741 750 2825 Troglodytarum
763 2740 861 2808 fuisse
876 2741 1040 2806 inuentum
1053 2740 1237 2807 sambucam
1250 2773 1291 2784 —
1305 2759 1379 2805 nam

223 2841 370 2924 magadis
392 2848 447 2908 aut
468 2842 632 2926 Lydorum
657 2849 713 2908 aut
735 2842 886 2927 Sapphus
909 2848 964 2908 aut
985 2841 1147 2908 Thracum
1170 2831 1296 2925 εὕρημα
1319 2864 1377 2904 -;

222 2941 361 3023 primum
378 2940 636 3024 deTroglodytis
651 2961 716 3005 non
730 2941 895 3024 Iduphorio
911 2942 981 3025 ipse
997 2940 1054 3007 sed
1067 2940 1270 3023 Pythagoras
1286 2942 1378 3006 testis

221 3045 288 3105 est:
317 3041 483 3126 Euphorio
512 3041 590 3125 quid
619 3039 680 3107 hae
703 3040 744 3106 de
765 3061 801 3106 re
823 3042 973 3123 senserit,
1003 3042 1177 3121 nescimus3
1209 3040 1285 3105 dein
1313 3061 1379 3106 non

220 3133 334 3207 ‘idem'
354 3162 425 3209 esse
441 3164 594 3227 organum
609 3141 761 3227 magadin
784 3147 816 3208 et
838 3142 1023 3208 sambucam
1046 3141 1125 3206 dicit
1146 3140 1202 3204 ille
1225 3139 1284 3205 sed
1306 3162 1377 3202 ιτα-

223 3239 319 3308 λαιδν
341 3243 402 3325 μὲν
420 3240 458 3309 τδ
476 3237 615 3329 δργανσν
638 3239 724 3309 εἶναι
745 3240 804 3327 τὴν
825 3240 980 3325 μάγαδιν,
1002 3241 1317 3324 μετασκευασθῆναι
1341 3233 1375 3303 δ’

222 3335 291 3424 ὀψέ
313 3366 398 3408 ποτε
419 3345 475 3409 καὶ
498 3343 668 3431 σαμβύκην
690 3344 1004 3427 μετονομασθῆναι;
1033 3343 1258 3408 transformata
1280 3345 1379 3427 igitur

224 3449 272 3509 est
300 3445 448 3526 magadis
482 3445 523 3511 ad
553 3447 724 3512 sambucae
757 3444 1000 3511 similitudinem
1033 3443 1184 3527 ideoque]
1205 3446 1378 3515 sambucae

222 3564 340 3611 nomen
362 3546 395 3609 in
418 3565 489 3611 eam
510 3547 715 3629 translatum;
745 3545 884 3628 denique
913 3547 1077 3612 inuentam
1101 3565 1172 3611 esse
1197 3547 1377 3630 panduram

219 3654 279 3712 aut
301 3647 486 3713 sambucam
509 3669 529 3713 a
551 3647 760 3730 Troglodytis
782 3648 913 3714 minime
936 3647 1071 3714 tradidit
1092 3645 1294 3731 Pythagoras
1317 3651 1377 3718 sed

221 3749 386 3833 χρῆσθαι,
416 3745 669 3826 κατασκευάζειν
692 3768 748 3816 eos
770 3756 892 3833 narrat3
923 3751 994 3833 quis
1017 3750 1191 3832 inuenerit,
1220 3750 1306 3818 unde
1328 3753 1378 3819 illi

221 3852 416 3934 acceperint,
436 3858 530 3919 tacet.
565 3851 671 3930 Quare
688 3849 742 3917 hic
757 3871 885 3933 quoque
900 3850 1101 3917 Athenaeum
1117 3851 1232 3934 culpae
1247 3871 1377 3934 prorsus

222 3950 396 4017 immunem
419 3972 489 4020 esse
512 3953 678 4022 contendo.
724 3953 808 4018 Nam
830 3952 917 4035 quod
938 3954 1056 4019 Pollux
1079 3948 1234 4037 ψιθάραν
1256 3973 1276 4018 a
1297 3955 1377 4020 Tro-

126 4045 130 4058 '
223 4049 368 4134 glodytis
397 4054 559 4123 inuentam
583 4075 652 4123 esse
676 4060 799 4138 narrat,
828 4076 884 4121 cur
906 4054 968 4122 hoc
996 4056 1205 4143 instrumento
1234 4055 1285 4120 usi
1313 4075 1377 4123 non
