2918 4748
156 312 215 370 136
550 308 663 362 Carolus
680 307 808 362 Albertus
824 306 902 376 Bapp

156 482 326 567 epicedion
341 487 373 546 et
388 479 584 564 epitaphion.
619 479 702 543 Nam
720 478 889 562 epicedion
906 477 1055 561 estquod
1072 478 1188 543 dicitur
1211 475 1305 542 oada-

154 605 230 652 uere
245 584 386 649 nondum
403 582 538 665 sepulto,
561 586 610 646 ut:
635 573 849 646 ‘Exstinctum
864 580 1027 663 nymphae
1050 579 1173 646 crudeli
1195 578 1306 645 funere

154 676 335 771 Daphnin'.
370 682 567 767 Epitaphion
583 687 690 748 autem
705 671 778 766 post
795 683 987 766 completam
1009 682 1205 765 sepulturam
1228 679 1306 746 dici-

155 794 219 870 tur,
243 791 292 851 ut:
312 779 474 868 ‘Daphnis
498 803 558 867 ego
580 784 614 848 in
637 783 727 849 siluis
749 781 824 848 hinc
845 802 947 865 usque
970 783 1013 848 ad
1035 782 1143 849 sidera
1163 771 1269 847 notus’
1283 785 1307 845 “.

155 888 221 954 Sed
248 907 306 971 pro
331 907 369 952 eo
394 885 479 969 quod
509 891 558 950 est
585 885 713 968 θρῆνος
741 886 876 978 opponit
905 885 990 950 male
1018 883 1207 968 epitaphion
1229 882 1260 947 h.
1277 903 1305 949 e.

156 990 364 1073 epigramma,
387 1009 452 1054 non
473 1006 599 1053 carmen
621 985 709 1063 (uide
723 983 875 1051 Hauthal.
890 986 933 1051 ad
948 996 978 1069 ψ
993 986 1107 1052 Acron.
1126 984 1213 1068 apud
1228 985 1306 1050 Hor.

154 1111 250 1156 carm.
272 1092 318 1172 H,
336 1096 363 1173 1,
381 1092 443 1166 37).
493 1088 640 1168 Ammon.
663 1089 697 1151 in
720 1093 860 1172 excerpt.
885 1087 1042 1153 Kulenk.:
1077 1083 1258 1172 ἐπιτάφιος
1288 1081 1305 1150 ό

154 1188 267 1256 ἐπάνω
282 1191 342 1254 τοί
355 1186 466 1275 τάφου
482 1186 656 1273 λεγόμενος
673 1184 931 1271 ἐγκωμιαστικδς
952 1179 1036 1273 παρ’
1053 1179 1134 1272 αὐτῇ
1154 1189 1195 1271 τῇ
1214 1189 1307 1273 ταφῇ

153 1312 225 1357 oum
247 1298 371 1376 spectet
383 1312 448 1357 non
463 1290 505 1356 ad
520 1291 721 1373 epigramma
743 1289 802 1355 sed
823 1289 867 1355 ad
889 1290 1107 1356 laudationem
1128 1289 1306 1373 funebrem,

153 1390 267 1458 Seruio
297 1413 360 1458 non
389 1398 556 1476 repugnat.
606 1389 755 1457 Ceterum
790 1390 875 1474 quod
908 1389 962 1457 hio
995 1387 1177 1475 ἐπιτάφιος
1211 1387 1308 1474 λόγος

154 1492 268 1558 eodem
289 1493 385 1559 modo
409 1493 572 1574 definitur,
602 1511 665 1574 quo
688 1487 877 1576 ἐπικήδειος
904 1492 991 1575 apud
1014 1492 1236 1575 Tryphonem,
1265 1492 1305 1557 cf.

152 1597 240 1662 Euat.
256 1597 277 1660 l.
291 1597 327 1660 l:
351 1594 512 1677 συγγενοῦς
528 1590 594 1671 ἐχει
609 1586 626 1655 ὁ
643 1584 833 1676 ἐπικήδειος
852 1589 948 1676 λόγος
969 1593 1018 1676 τῳ
1039 1597 1226 1678 μνηματίτῃ
1249 1593 1307 1656 καὶ

153 1694 335 1781 ἐπιταφίῳ,
359 1696 474 1777 quibus
497 1694 631 1777 opponit
652 1695 789 1777 θρῆνον.
827 1695 928 1759 Paulo
951 1695 1045 1759 aliter
1066 1714 1134 1760 rem
1157 1695 1307 1760 informat

153 1800 247 1865 Dion.
264 1799 337 1864 Hal.
353 1796 472 1880 μέθοδ.
490 1793 628 1882 ἐπιταφ.
654 1797 695 1874 (V
716 1816 747 1879 p.
760 1799 822 1860 259
838 1797 980 1875 Reiske).

237 1900 329 1966 Nihil
351 1901 499 1965 iuuamur
515 1897 638 1964 scholio
653 1897 730 1964 Hor.
746 1899 766 1962 l.
779 1899 811 1981 l.,
833 1899 889 1963 ubi
911 1900 1059 1964 naeniam
1082 1900 1211 1981 ψΑοκο
1230 1896 1306 1964 ἐπι-

151 1999 288 2086 κηδείῳ,
311 2000 491 2083 Porphyrio
513 1995 630 2083 θρήνῳ
653 2005 828 2083 comparat.
865 1999 979 2081 Neque
1002 2001 1104 2081 magis
1127 2000 1227 2066 schol.
1243 2002 1305 2085 Ap.

152 2101 256 2167 Rhod.
279 2101 399 2183 11,782
427 2105 483 2166 aut
505 2099 604 2166 schol.
626 2100 721 2164 Dion.
738 2099 874 2167 Thracis
899 2102 932 2165 in
954 2101 1059 2165 Bskk.
1076 2121 1126 2166 an.
1142 2102 1175 2166 II
1196 2123 1229 2185 p.
1243 2107 1306 2166 750

152 2206 205 2281 (ex
228 2202 474 2277 Choerobosoo).
519 2199 634 2266 Omnia
656 2202 769 2267 miscet
792 2200 909 2267 Suidas
932 2221 956 2266 s.
972 2222 1002 2266 u.
1019 2198 1218 2285 ἐπικήδειον.

237 2303 324 2368 Certi
353 2303 450 2385 igitur
472 2302 553 2367 nihil
577 2322 618 2367 ex
639 2300 691 2368 his
713 2303 864 2384 antiquae
894 2302 1058 2368 doctrinae
1088 2304 1187 2368 ruinis
1217 2307 1304 2370 nacti

152 2425 260 2471 sumus
289 2405 351 2469 nisi
380 2402 514 2486 Didymi
543 2404 681 2485 uestigia
709 2402 796 2487 apud
823 2403 972 2469 Proolum
1001 2408 1033 2468 et
1054 2403 1103 2468 Et.
1125 2404 1167 2468 M.
1212 2403 1304 2482 Quae

151 2506 249 2589 paulo
271 2505 366 2570 latius
389 2505 469 2568 libet
490 2505 656 2586 persequi;
680 2508 753 2568 sunt
768 2503 854 2568 enim
868 2505 953 2569 aliae
975 2523 1103 2586 quoque
1124 2504 1212 2588 apud
1227 2505 1303 2570 Am-

88 2652 92 2659 ·
151 2606 294 2672 monium
316 2606 423 2688 poesis
439 2622 592 2687 generum
611 2603 831 2670 distinctiones
853 2604 896 2670 ad
918 2605 1005 2669 idem
1027 2605 1158 2671 schema
1181 2607 1303 2672 confor-

150 2715 266 2772 matae.
307 2706 418 2772 Velut:
450 2710 480 2768 Γ
479 2702 618 2789 αμήλιος
641 2704 696 2768 καὶ
722 2700 952 2787 ἐπιθαλάμιος
976 2703 1145 2792 διαφέρει·
1176 2703 1303 2773 ἐπιθα-

151 2805 271 2889 λάμιος
285 2805 345 2889 μέν
360 2804 422 2892 γάρ
439 2805 510 2871 ἐστι
524 2803 562 2870 τδ
580 2802 638 2869 ἐπὶ
652 2807 700 2890 τῳ
715 2804 863 2892 θαλάμῳ
878 2809 937 2891 τῆς
951 2810 1159 2894 γαμουμένης
1177 2807 1303 2894 γραφὲν

150 2913 297 2995 ποίημα·
321 2902 338 2972 δ
353 2906 388 2971 δέ
402 2904 564 2990 γαμήλιος
581 2899 618 2970 οὗ
631 2905 853 2992 περιώρισται
864 2907 982 2992 χρόνῳ.
1011 2911 1101 2976 Haeo
1115 2911 1158 2976 ad
1169 2913 1304 2977 uerbum

150 3009 267 3091 repetit
289 3009 377 3073 Euat.
392 3007 436 3073 ad
451 3005 544 3072 Ode
566 3026 596 3071 u.
610 3009 681 3071 432.
725 3008 830 3074 Minus
851 3009 993 3075 dilucide
1014 3011 1118 3077 Prool.
1134 3016 1153 3087 ξ
1168 3016 1224 3077 21:
1247 3014 1304 3077 aul

148 3105 192 3171 τὰ
215 3104 431 3188 ἐπιθαλάμια
454 3119 525 3183 τοῖς
549 3099 627 3189 άρτι
644 3107 935 3190 θαλαμεοομένοις
962 3101 1031 3191 άμα
1054 3110 1087 3174 οἱ
1108 3103 1225 3195 ἠΐθεοι
1246 3116 1304 3179 καὶ

151 3208 186 3274 αἱ
201 3212 373 3293 παρθένοι
388 3205 445 3274 ἐπὶ
460 3210 526 3274 τῶν
541 3206 706 3291 θαλάμων
721 3194 817 3294 ᾖδον·
841 3212 956 3292 quibus
976 3213 1111 3294 opponit
1132 3206 1302 3295 δμεναῑον,

149 3332 169 3377 a
191 3310 341 3398 γαμηλίῳ
364 3332 427 3378 non
449 3312 628 3394 diuersum,
658 3331 753 3393 quem
776 3307 809 3375 ἐν
831 3308 951 3395 γάμοις
974 3305 1120 3397 ᾄδεσθαι
1142 3313 1222 3380 dicit
1242 3337 1304 3385 nec

149 3414 303 3494 temporis
322 3415 479 3496 angustiis
495 3411 734 3479 circumscribit.
768 3413 839 3480 Huc
861 3414 938 3479 facit
960 3414 1058 3479 etiam
1074 3415 1168 3481 Dion.
1184 3416 1257 3483 Hal.
1274 3420 1303 3485 V

148 3533 180 3596 p.
193 3515 265 3594 247,
290 3531 481 3595 quamquam
497 3513 538 3579 de
554 3512 760 3597 orationibus,
784 3535 848 3582 non
868 3514 909 3580 de
928 3517 1122 3583 carminibus
1145 3519 1300 3600 loquitur:

21 3680 24 3687 ,
149 3606 166 3676 ό
191 3609 249 3676 ἐπὶ
270 3613 317 3696 τῷ
340 3610 486 3696 θαλάμῳ
509 3610 684 3696 λεγόμενος
713 3611 809 3698 λόγος
832 3613 879 3691 εἷς
900 3617 955 3679 καὶ
979 3608 1079 3691 αὐτὸς
1104 3605 1150 3681 τόν
1171 3621 1220 3702 τῳ
1241 3643 1300 3704 γα-

148 3716 234 3798 μικῷ
257 3709 344 3800 πλὴν
366 3715 414 3798 τῳ
434 3711 542 3799 χρόνῳ
572 3711 760 3800 διαφέρειν·
791 3715 846 3781 ἐπὶ
869 3717 1114 3798 τετελεσμένοις
1139 3731 1211 3795 τοῖς
1240 3720 1301 3805 γά-

147 3838 225 3894 μοις
247 3813 421 3900 λεγόμενος
444 3807 540 3891 οὗτος
560 3815 629 3880 κτλ.
653 3853 692 3862 -
713 3819 813 3901 Apud
827 3819 976 3885 Proolum
997 3819 1031 3884 id
1052 3823 1179 3903 generis
1202 3823 1299 3889 etiam

149 3921 255 3982 exstat
277 3913 426 3982 ἐπινίκοο
455 3916 614 4000 definitio,
645 3920 696 3984 cui
718 3920 820 3985 altera
841 3940 917 4002 pars
940 3922 1176 4004 oppositionem
1199 3926 1299 3989 conti·

149 4034 227 4081 nens
249 4016 363 4084 deesse
386 4019 526 4086 uidetur:
550 4011 567 4082 ό
593 4015 629 4081 δέ
651 4014 800 4096 ἐπίνικος
822 4012 883 4084 ὑπ’
903 4011 1002 4086 αὖτδν
1024 4019 1082 4085 τὸν
1103 4019 1218 4106 καιρὸν
1241 4027 1300 4109 τῆς
